class,hash,time,token,type,amount,from,to,px
SPOT,0x0000000000000000000000000000000000000000000000000000000000000000,1752149309004,UBTC,Twap,6.663649999999924,0xffffffffffffffffffffffffffffffffffffffff,0x7be1cba648ebe1ab8084244d23f28d68a86480d8,111181.63774014515
WITHDRAW,0xa54a18a16f4ef0a73618e3e3a8882bc85794fdbdac5822146cace5a4a23df227,1752074414151,USDC,Withdraw,-499999,0x7be1cba648ebe1ab8084244d23f28d68a86480d8,Arbitrum,1
WITHDRAW,0x0132fe970d7fd6e1130c363f637a541a32fb5b1919a0d6151ae9a83041138d75,1752074211217,USDC,Withdraw,-199999.004414,0x7be1cba648ebe1ab8084244d23f28d68a86480d8,Arbitrum,1
TRANSFER,0x0bb5cdafba930eb5de2f04272730ea016600a7df0b30e29b46067c7fd326d973,1752074174774,USDC,InternalTransfer,500000,SPOT,PERP,1
TRANSFER,0x8b8700763a4835db1e3d04272725af01280080e2e37307724858aa3a1988b741,1752073954733,USDC,InternalTransfer,200000,SPOT,PERP,1
DUST,00000000000000000000000000000000000000264,1751846400068,USOL,Spot Dust Conversion,-0.00009177,0x7be1cba648ebe1ab8084244d23f28d68a86480d8,0xffffffffffffffffffffffffffffffffffffffff,151.9
FAILED,0xf1f410dd6b23483316af0426cd61f701bf0061295ceaa986b6c676aee200925a,1751619385321,-,twapOrder,,0x7be1cba648ebe1ab8084244d23f28d68a86480d8,TWAP order value too large. Max is 5000000 USDC.,
FAILED,0x09f0c69582f467c0648f0426cd617601e800bad7b5b4f4d4e6cf0cacc03894ad,1751619376237,-,twapOrder,,0x7be1cba648ebe1ab8084244d23f28d68a86480d8,TWAP order value too large. Max is 5000000 USDC.,
FAILED,0x84ff303810036c0af0030426cd611701b100d82215b17b0512e5a00a87d281b2,1751619368905,-,twapOrder,,0x7be1cba648ebe1ab8084244d23f28d68a86480d8,TWAP order value too large. Max is 5000000 USDC.,
FAILED,0xfd514de11c4b786c0b380426cd60a701d2009eebf6aa9d24c50572be5997bd64,1751619359581,-,twapOrder,,0x7be1cba648ebe1ab8084244d23f28d68a86480d8,TWAP order value too large. Max is 5000000 USDC.,
FAILED,0x819339f0989160bd72950426cd5feb0205a70061dcb04e40a447864be3c44158,1751619345101,-,twapOrder,,0x7be1cba648ebe1ab8084244d23f28d68a86480d8,TWAP order value too large. Max is 5000000 USDC.,
TRANSFER,0x30ea4c07358fdfed20d00426cd0fde020152000a9cc287e24871d67307757888,1751617787746,USOL,Transfer,49392.91999865,0xa822a9ceb6d6cb5b565bd10098abcfa9cf18d748,0x7be1cba648ebe1ab8084244d23f28d68a86480d8,157.265
TRANSFER,0xc9f798c8f77e2a7ef4490426ccda6e0201cc00bfa250c76dd9e2d03e15c0d730,1751616729600,USOL,Transfer,49.99809312,0xa822a9ceb6d6cb5b565bd10098abcfa9cf18d748,0x7be1cba648ebe1ab8084244d23f28d68a86480d8,157.265
SPOT,0xaf43fc3b8d5e0e7b9cef0425f7006202036d003aa82e4a7a05cd6d0ea4891d99,1750529192314,LICKO,Genesis,2415.70365766,0x0000000000000000000000000000000000000000,0x7be1cba648ebe1ab8084244d23f28d68a86480d8,
TRANSFER,0x00cb4fd3964c664a804e042564e20c0201020004693541d15aed0ca3e0a1e135,1749781532314,USDC,InternalTransfer,-5311469.07,0x7be1cba648ebe1ab8084244d23f28d68a86480d8,0x567110130473121dedea5308f007f15fe58356db,1
VAULT,0x4e18597a6613d152861c042564d95202024a00bc1fd95c6675e8f848e3944599,1749781349554,USDC,vaultWithdraw,5311469.071318,0xdfc24b077bc1425ad1dea75bcb6f8158e10df303,0x7be1cba648ebe1ab8084244d23f28d68a86480d8,1
SPOT,0xb5644cf29ccf25571e11042563f8d90205f600217fc19314484d140e4c6c11c3,1749776661214,HYPE,Buy,13.79,0xffffffffffffffffffffffffffffffffffffffff,0x7be1cba648ebe1ab8084244d23f28d68a86480d8,38.1
SPOT,0xf55370731a8524046ae5042563f8d90205f4000f5cf16fbcd4e73af06aed5d40,1749776661214,HYPE,Buy,1087.42,0xffffffffffffffffffffffffffffffffffffffff,0x7be1cba648ebe1ab8084244d23f28d68a86480d8,38.1
SPOT,0x51646476a2231d81fc06042563f8d90205f20031256083994881b369fc15b6a3,1749776661214,HYPE,Buy,186.19,0xffffffffffffffffffffffffffffffffffffffff,0x7be1cba648ebe1ab8084244d23f28d68a86480d8,38.1
SPOT,0xeaa9ab359415ca859003042563f8d50207c100c5e13c8c3c8d9a2b2c5bbba11b,1749776660894,HYPE,Buy,4.93,0xffffffffffffffffffffffffffffffffffffffff,0x7be1cba648ebe1ab8084244d23f28d68a86480d8,38.1
SPOT,0xf9dc4d66df1954a8b6bb042563f8d40202220024c0ac9e65c31c180b344dbf81,1749776660794,HYPE,Buy,3.9,0xffffffffffffffffffffffffffffffffffffffff,0x7be1cba648ebe1ab8084244d23f28d68a86480d8,38.1
SPOT,0xcfde2f1f590b22fb3123042563f8d30205e100dd52054d8fa1a4af7b1585db6b,1749776660685,HYPE,Buy,37.5,0xffffffffffffffffffffffffffffffffffffffff,0x7be1cba648ebe1ab8084244d23f28d68a86480d8,38.1
SPOT,0xfa0100334b98eb2a2c30042563f8cf0202a200dc5c26f13b199c6e8447882721,1749776660323,HYPE,Buy,9.93,0xffffffffffffffffffffffffffffffffffffffff,0x7be1cba648ebe1ab8084244d23f28d68a86480d8,38.1
SPOT,0x62fb0d7db98af9475196042563f8ce020b8e00ea9cf4366462d5c72d43494b77,1749776660258,HYPE,Buy,56.61,0xffffffffffffffffffffffffffffffffffffffff,0x7be1cba648ebe1ab8084244d23f28d68a86480d8,38.1
SPOT,0x8f36478a2dd54790cd1e042563f8cc0202d100744b4f0a9bbaaa2870d43cc274,1749776660122,HYPE,Buy,43.18,0xffffffffffffffffffffffffffffffffffffffff,0x7be1cba648ebe1ab8084244d23f28d68a86480d8,38.1
SPOT,0x166150929a53815faa6f042563f8cc0202cf00c41da0517aae4cd2b42e1488a4,1749776660122,HYPE,Buy,39.31,0xffffffffffffffffffffffffffffffffffffffff,0x7be1cba648ebe1ab8084244d23f28d68a86480d8,38.1
SPOT,0xabe67a440e64d3097010042563f8ca02033e005c8e08b72dfc6a9a87b774f3fb,1749776660000,HYPE,Buy,3.9,0xffffffffffffffffffffffffffffffffffffffff,0x7be1cba648ebe1ab8084244d23f28d68a86480d8,38.1
SPOT,0xec1ff0f57d0332239776042563f8c30201b200c3f29a2541d6976da63dc804db,1749776659400,HYPE,Buy,13.1,0xffffffffffffffffffffffffffffffffffffffff,0x7be1cba648ebe1ab8084244d23f28d68a86480d8,38.1
SPOT,0x0000000000000000000000000000000000000000000000000000000000000000,1749776659039,HYPE,Buy,63.63,0xffffffffffffffffffffffffffffffffffffffff,0x7be1cba648ebe1ab8084244d23f28d68a86480d8,38.1
SPOT,0xb0394e5f6aeb1c0434a2042563f8bd020307006756d5a65472d8a9ebbc7be3c7,1749776658972,HYPE,Buy,13.1,0xffffffffffffffffffffffffffffffffffffffff,0x7be1cba648ebe1ab8084244d23f28d68a86480d8,38.1
SPOT,0xfed7829640913441b5a9042563f8b702018c00abeb7ba3ed2533505bdec05ce5,1749776658527,HYPE,Buy,3.07,0xffffffffffffffffffffffffffffffffffffffff,0x7be1cba648ebe1ab8084244d23f28d68a86480d8,38.1
SPOT,0x30027713c694e17413ec042563f8b702018b00549e5b7eb19ac72ed704d4926e,1749776658527,HYPE,Buy,21.47,0xffffffffffffffffffffffffffffffffffffffff,0x7be1cba648ebe1ab8084244d23f28d68a86480d8,38.1
SPOT,0xc6e8e7a5c1608ea95e87042563f8b402025600603107107b0d8fd1b2d564c095,1749776658317,HYPE,Buy,13.1,0xffffffffffffffffffffffffffffffffffffffff,0x7be1cba648ebe1ab8084244d23f28d68a86480d8,38.1
SPOT,0xce745141d5328e0f3f67042563f8b30206ab00085f5ab57a6434a2c4354d0ee9,1749776658247,HYPE,Buy,53.19,0xffffffffffffffffffffffffffffffffffffffff,0x7be1cba648ebe1ab8084244d23f28d68a86480d8,38.1
SPOT,0x2fbcf6d43bdb634cbe97042563f8b30206a700a79f3d29dfed2e522beea43e8a,1749776658247,HYPE,Buy,64.22,0xffffffffffffffffffffffffffffffffffffffff,0x7be1cba648ebe1ab8084244d23f28d68a86480d8,38.1
SPOT,0xbb6648f528a2634d00c4042563f8b30206a500cd1a209b68a10a666b35906b62,1749776658247,HYPE,Buy,63.34,0xffffffffffffffffffffffffffffffffffffffff,0x7be1cba648ebe1ab8084244d23f28d68a86480d8,38.1
SPOT,0x19e3fd47955bdf5338f3042563f8b30206a30050c7adaec191999f0bac8cd163,1749776658247,HYPE,Buy,380.2,0xffffffffffffffffffffffffffffffffffffffff,0x7be1cba648ebe1ab8084244d23f28d68a86480d8,38.1
SPOT,0x0c4e37587f81953b4621042563f8b30206a20024f9bbddbcaa43dbe8e24c517b,1749776658247,HYPE,Buy,118.85,0xffffffffffffffffffffffffffffffffffffffff,0x7be1cba648ebe1ab8084244d23f28d68a86480d8,38.1
SPOT,0x53e4253cb9d87518d088042563f8b20203a200677d1398896b2b6657cc043287,1749776658158,HYPE,Buy,42.35,0xffffffffffffffffffffffffffffffffffffffff,0x7be1cba648ebe1ab8084244d23f28d68a86480d8,38.1
SPOT,0xedf42890a85857ebdf1e042563f8af0203c90090387c284b763873dbc311033d,1749776657941,HYPE,Buy,13.1,0xffffffffffffffffffffffffffffffffffffffff,0x7be1cba648ebe1ab8084244d23f28d68a86480d8,38.1
SPOT,0x162692567b8406d1c636042563f8ae02025c0044e3a4b7b5a11036249af47ee1,1749776657766,HYPE,Buy,55.75,0xffffffffffffffffffffffffffffffffffffffff,0x7be1cba648ebe1ab8084244d23f28d68a86480d8,38.1
SPOT,0xfaff128c419d5c674d2b042563f8ae02025900b3f7edb7aec0e56187c510905c,1749776657766,HYPE,Buy,25.89,0xffffffffffffffffffffffffffffffffffffffff,0x7be1cba648ebe1ab8084244d23f28d68a86480d8,38.1
SPOT,0x10d9af8c8e8af73c52b4042563f8ad0202a9006285cb83e4feb7986ffec79a95,1749776657721,HYPE,Buy,22.15,0xffffffffffffffffffffffffffffffffffffffff,0x7be1cba648ebe1ab8084244d23f28d68a86480d8,38.1
SPOT,0xcfdc384f8518064892be042563f8a902047a0047bcccf1fbe5224d4c4023ebe3,1749776657316,HYPE,Buy,299.39,0xffffffffffffffffffffffffffffffffffffffff,0x7be1cba648ebe1ab8084244d23f28d68a86480d8,38.1
SPOT,0x3646f14674429b60a51b042563f8a702028200ba94932855939fe967c0672e7a,1749776657134,HYPE,Buy,400,0xffffffffffffffffffffffffffffffffffffffff,0x7be1cba648ebe1ab8084244d23f28d68a86480d8,38.1
SPOT,0xeec953b8a7fe9dce7072042563f8a6020a4c0018b007832d57a378594f2f3808,1749776657074,HYPE,Buy,3.9,0xffffffffffffffffffffffffffffffffffffffff,0x7be1cba648ebe1ab8084244d23f28d68a86480d8,38.1
SPOT,0xe7f1c6cb6955b96a4946042563f8a402030700e2de1cfb056211de02708f8980,1749776656776,HYPE,Buy,55.38,0xffffffffffffffffffffffffffffffffffffffff,0x7be1cba648ebe1ab8084244d23f28d68a86480d8,38.1
SPOT,0xb76f58452b82cce12826042563f8a301f200297d8630e570c675bbc636cddc06,1749776656699,HYPE,Buy,3.9,0xffffffffffffffffffffffffffffffffffffffff,0x7be1cba648ebe1ab8084244d23f28d68a86480d8,38.1
SPOT,0x0681481dbc227c0dc92f042563f8a301f00099eb1c7236666906166d33f56e92,1749776656699,HYPE,Buy,615.15,0xffffffffffffffffffffffffffffffffffffffff,0x7be1cba648ebe1ab8084244d23f28d68a86480d8,38.1
SPOT,0x5a70c0d9d96b76491d97042563f8a10207f50017820ec5c7e804eca1a924a5d0,1749776656533,HYPE,Buy,778.56,0xffffffffffffffffffffffffffffffffffffffff,0x7be1cba648ebe1ab8084244d23f28d68a86480d8,38.1
SPOT,0xbffcbf922722e874bd03042563f8a10207f3005fe2bcd812b7043522f10db06d,1749776656533,HYPE,Buy,22.25,0xffffffffffffffffffffffffffffffffffffffff,0x7be1cba648ebe1ab8084244d23f28d68a86480d8,38.1
SPOT,0x18fb83027b15c1fcfdf0042563f89f02047b0066fdf8d7c1cb4f5bbd4ddbb814,1749776656245,HYPE,Buy,7.5,0xffffffffffffffffffffffffffffffffffffffff,0x7be1cba648ebe1ab8084244d23f28d68a86480d8,38.1
SPOT,0x6ed59d27bf88bfb7fe38042563f89f02047a00a4bfc1c112e073968422bd8974,1749776656245,HYPE,Buy,3.9,0xffffffffffffffffffffffffffffffffffffffff,0x7be1cba648ebe1ab8084244d23f28d68a86480d8,38.1
SPOT,0x7fbdc8311f1dc0a08040042563f89f02047300e0a0f9cf5e7d8100c8bf52a010,1749776656245,HYPE,Buy,101.65,0xffffffffffffffffffffffffffffffffffffffff,0x7be1cba648ebe1ab8084244d23f28d68a86480d8,38.1
SPOT,0x1b1287cc756ab9e3defd042563f89f02047200d04a90c68713d9d7fa48f3c60e,1749776656245,HYPE,Buy,42.3,0xffffffffffffffffffffffffffffffffffffffff,0x7be1cba648ebe1ab8084244d23f28d68a86480d8,38.1
SPOT,0xd4de3ec32d80ce4ed190042563f89f020471009f753c615d02a26890ca0750b1,1749776656245,HYPE,Buy,86.52,0xffffffffffffffffffffffffffffffffffffffff,0x7be1cba648ebe1ab8084244d23f28d68a86480d8,38.1
SPOT,0xa80cf353579dfb2d62e6042563f89f0204700080b8a48a1d6d4c7c543cacdd64,1749776656245,HYPE,Buy,38.46,0xffffffffffffffffffffffffffffffffffffffff,0x7be1cba648ebe1ab8084244d23f28d68a86480d8,38.1
SPOT,0xc35a9bde7a948c17f3f2042563f89b0204f30028b8813b3d342a6cff79927a68,1749776655894,HYPE,Buy,38.46,0xffffffffffffffffffffffffffffffffffffffff,0x7be1cba648ebe1ab8084244d23f28d68a86480d8,38.1
SPOT,0x174b9863c0c3a03b0565042563f89b0204f200306761f281e4566142ad6aaa81,1749776655894,HYPE,Buy,42.3,0xffffffffffffffffffffffffffffffffffffffff,0x7be1cba648ebe1ab8084244d23f28d68a86480d8,38.1
SPOT,0x81b69991c9f731b157e3042563f89b0204f1001241cee653d2a575e46d774736,1749776655894,HYPE,Buy,38.46,0xffffffffffffffffffffffffffffffffffffffff,0x7be1cba648ebe1ab8084244d23f28d68a86480d8,38.1
SPOT,0x2f115f942cbb64dc2996042563f89b0204ef001afca5bed6544726aa4a550946,1749776655894,HYPE,Buy,36.53,0xffffffffffffffffffffffffffffffffffffffff,0x7be1cba648ebe1ab8084244d23f28d68a86480d8,38.1
SPOT,0x929d3933a855cbdd9ce9042563f89b0204ee0006121de9747861c5310d17be26,1749776655894,HYPE,Buy,34.84,0xffffffffffffffffffffffffffffffffffffffff,0x7be1cba648ebe1ab8084244d23f28d68a86480d8,38.1
SPOT,0x403eb3a3707960741d45042563f89b0204ed00a6184aba898844a97e875994db,1749776655894,HYPE,Buy,6.04,0xffffffffffffffffffffffffffffffffffffffff,0x7be1cba648ebe1ab8084244d23f28d68a86480d8,38.1
SPOT,0x14bbc729890bef9b7136042563f89a0204ce0043692b26211a75d3a017a7c699,1749776655841,HYPE,Buy,130.72,0xffffffffffffffffffffffffffffffffffffffff,0x7be1cba648ebe1ab8084244d23f28d68a86480d8,38.1
SPOT,0x60254efa8a6ee051fa74042563f89902047000bbe7212dfd55d9569253ad0920,1749776655755,HYPE,Buy,74.98,0xffffffffffffffffffffffffffffffffffffffff,0x7be1cba648ebe1ab8084244d23f28d68a86480d8,38.1
SPOT,0x1a5d7feca96f3080e336042563f89902046d00d9a57a4a001eb94b0f2f601943,1749776655755,HYPE,Buy,30.46,0xffffffffffffffffffffffffffffffffffffffff,0x7be1cba648ebe1ab8084244d23f28d68a86480d8,38.1
SPOT,0x52e88aec580076308b1e042563f8960205f800d94efe100697bc0ef4d039e99c,1749776655411,HYPE,Buy,3.55,0xffffffffffffffffffffffffffffffffffffffff,0x7be1cba648ebe1ab8084244d23f28d68a86480d8,38.1
SPOT,0x859ea5aac10806213a43042563f88f02049800fc558206268a6ef724eefdafc8,1749776654805,HYPE,Buy,7.36,0xffffffffffffffffffffffffffffffffffffffff,0x7be1cba648ebe1ab8084244d23f28d68a86480d8,38.1
SPOT,0x32e4f8b569c39e697162042563f88f020497007a34ba38873d584efed92427a6,1749776654805,HYPE,Buy,72.29,0xffffffffffffffffffffffffffffffffffffffff,0x7be1cba648ebe1ab8084244d23f28d68a86480d8,38.1
SPOT,0xbedeb3c208ca0d141041042563f88f02049600659bdfb0969ffd47730885e022,1749776654805,HYPE,Buy,446.95,0xffffffffffffffffffffffffffffffffffffffff,0x7be1cba648ebe1ab8084244d23f28d68a86480d8,38.1
SPOT,0x0a8550b9e83fa9e6be9a042563f88e0201b10089059ad593b5a7976dbef426d1,1749776654804,HYPE,Buy,81.21,0xffffffffffffffffffffffffffffffffffffffff,0x7be1cba648ebe1ab8084244d23f28d68a86480d8,38.1
SPOT,0xe863485c01743d9140ef042563f88e0201b00059978859da0ba712849efa9c11,1749776654804,HYPE,Buy,401.78,0xffffffffffffffffffffffffffffffffffffffff,0x7be1cba648ebe1ab8084244d23f28d68a86480d8,38.1
SPOT,0x251019b7636f684e4784042563f88c02079e004d30695e0b2fa0df6459f96ebb,1749776654661,HYPE,Buy,29.23,0xffffffffffffffffffffffffffffffffffffffff,0x7be1cba648ebe1ab8084244d23f28d68a86480d8,38.1
SPOT,0x2810f06ed78f2013ee50042563f88b0203870081366f9074aac68dbe81927b1b,1749776654603,HYPE,Buy,400,0xffffffffffffffffffffffffffffffffffffffff,0x7be1cba648ebe1ab8084244d23f28d68a86480d8,38.1
SPOT,0x15d9b2502cac439ad0bc042563f88a020288001b8806ca869f891889d9adf7aa,1749776654500,HYPE,Buy,17.82,0xffffffffffffffffffffffffffffffffffffffff,0x7be1cba648ebe1ab8084244d23f28d68a86480d8,38.1
SPOT,0x462508a21b96e02694a1042563f88a02028700ef1496a86b8ecc503c61553ef7,1749776654500,HYPE,Buy,20.17,0xffffffffffffffffffffffffffffffffffffffff,0x7be1cba648ebe1ab8084244d23f28d68a86480d8,38.1
SPOT,0x91a2415fcb9d7e348706042563f88902077c008664561f5564910f338b83f380,1749776654402,HYPE,Buy,59.07,0xffffffffffffffffffffffffffffffffffffffff,0x7be1cba648ebe1ab8084244d23f28d68a86480d8,38.1
SPOT,0x6f95e46b1eedec210848042563f8890206d100c9bcd7f8d7d90ad5d04f1d4ca8,1749776654402,HYPE,Buy,35.39,0xffffffffffffffffffffffffffffffffffffffff,0x7be1cba648ebe1ab8084244d23f28d68a86480d8,38.1
SPOT,0xba3790a1d4775559be76042563f8880202a0009ca5c4661f9dc4d10ac1d21983,1749776654233,HYPE,Buy,69.83,0xffffffffffffffffffffffffffffffffffffffff,0x7be1cba648ebe1ab8084244d23f28d68a86480d8,38.1
SPOT,0x08f934cecf54bd6fe0c1042563f8860205c3004f77beb35c12a9fba97d2f4eeb,1749776654101,HYPE,Buy,9.18,0xffffffffffffffffffffffffffffffffffffffff,0x7be1cba648ebe1ab8084244d23f28d68a86480d8,38.1
SPOT,0x2c75ebe9df3b1f0a4d1c042563f8860205c2002c734a2becc8fa75716fe8839d,1749776654101,HYPE,Buy,426.76,0xffffffffffffffffffffffffffffffffffffffff,0x7be1cba648ebe1ab8084244d23f28d68a86480d8,38.1
SPOT,0x4a8430fb22131ff57303042563f8860205c1002bf09df83839bb5495108f3a2b,1749776654101,HYPE,Buy,138.41,0xffffffffffffffffffffffffffffffffffffffff,0x7be1cba648ebe1ab8084244d23f28d68a86480d8,38.1
SPOT,0x8c7843a195501a4019d9042563f8860205950002135868182b13db3765db26b1,1749776654101,HYPE,Buy,80.75,0xffffffffffffffffffffffffffffffffffffffff,0x7be1cba648ebe1ab8084244d23f28d68a86480d8,38.1
SPOT,0xc00052cd3c576030a295042563f886020594007b1d89edc10efecc13c7948d20,1749776654101,HYPE,Buy,361.41,0xffffffffffffffffffffffffffffffffffffffff,0x7be1cba648ebe1ab8084244d23f28d68a86480d8,38.1
SPOT,0xc5f66e03930a24fde1b9042563f88602059300967578f26fa29b05c0eb001ed0,1749776654101,HYPE,Buy,73.06,0xffffffffffffffffffffffffffffffffffffffff,0x7be1cba648ebe1ab8084244d23f28d68a86480d8,38.1
SPOT,0xe8cc57c5bd6c9bd6c0a7042563f88302047a006c54b73b3e07fc899026eb1afa,1749776653829,HYPE,Buy,92.28,0xffffffffffffffffffffffffffffffffffffffff,0x7be1cba648ebe1ab8084244d23f28d68a86480d8,38.1
SPOT,0x55483679964d370c0c3b042563f8820208a80051fdc81c3c0da626881a5cc6ef,1749776653728,HYPE,Buy,40.2,0xffffffffffffffffffffffffffffffffffffffff,0x7be1cba648ebe1ab8084244d23f28d68a86480d8,38.1
SPOT,0x74a98ca4010cb94f41cd042563f87802022f00d4e25d7deff5ede3e60d49cdc9,1749776653017,HYPE,Buy,65.36,0xffffffffffffffffffffffffffffffffffffffff,0x7be1cba648ebe1ab8084244d23f28d68a86480d8,38.1
SPOT,0xbdc16fcf1957880c5a47042563f87702014f00c40314a78ec0f2c0a7b816867a,1749776652935,HYPE,Buy,178.78,0xffffffffffffffffffffffffffffffffffffffff,0x7be1cba648ebe1ab8084244d23f28d68a86480d8,38.1
SPOT,0x4cb783be8220baad92e2042563f87702014e00e9db03a0ba18df09e8f1c02bc5,1749776652935,HYPE,Buy,32.69,0xffffffffffffffffffffffffffffffffffffffff,0x7be1cba648ebe1ab8084244d23f28d68a86480d8,38.1
SPOT,0xf5b23f271577bde95334042563f87502038f00c846a9f7d241e0788716efa9d6,1749776652784,HYPE,Buy,13.1,0xffffffffffffffffffffffffffffffffffffffff,0x7be1cba648ebe1ab8084244d23f28d68a86480d8,38.1
SPOT,0x42af6d5ae78a95585d02042563f87502038e005e2d71153386d6a5716605e380,1749776652784,HYPE,Buy,18.05,0xffffffffffffffffffffffffffffffffffffffff,0x7be1cba648ebe1ab8084244d23f28d68a86480d8,38.1
SPOT,0x236ab4b7a0a241d8f678042563f86f02011700a9b8c5ab8f8c68e01e7a56ae59,1749776652387,HYPE,Buy,42.3,0xffffffffffffffffffffffffffffffffffffffff,0x7be1cba648ebe1ab8084244d23f28d68a86480d8,38.1
SPOT,0x520920458a19134fb7cf042563f86f02011300077649b71d6479e4d5b50db51d,1749776652387,HYPE,Buy,71.13,0xffffffffffffffffffffffffffffffffffffffff,0x7be1cba648ebe1ab8084244d23f28d68a86480d8,38.1
SPOT,0x544b2f9ea5da6446345e042563f86f0201120057ac86bf1e3e5979c53575b412,1749776652387,HYPE,Buy,388.3,0xffffffffffffffffffffffffffffffffffffffff,0x7be1cba648ebe1ab8084244d23f28d68a86480d8,38.1
SPOT,0x7322e38da712d34af357042563f86d0205d8005723011320febed77ecf126081,1749776652229,HYPE,Buy,114,0xffffffffffffffffffffffffffffffffffffffff,0x7be1cba648ebe1ab8084244d23f28d68a86480d8,38.1
SPOT,0x1a58ff7b650e48fe4447042563f86c02047e00a1a992c21cb55e0c2b70e8be39,1749776652127,HYPE,Buy,90.36,0xffffffffffffffffffffffffffffffffffffffff,0x7be1cba648ebe1ab8084244d23f28d68a86480d8,38.1
SPOT,0x8851e3c78b029facf6ef042563f86c02047a005b48e8a77018c7d3bb77a89fd0,1749776652127,HYPE,Buy,136.49,0xffffffffffffffffffffffffffffffffffffffff,0x7be1cba648ebe1ab8084244d23f28d68a86480d8,38.1
SPOT,0x0be556bdf05a16e8a2d4042563f86c02047900d2c1b11f18cd880b68d80921ed,1749776652127,HYPE,Buy,123.03,0xffffffffffffffffffffffffffffffffffffffff,0x7be1cba648ebe1ab8084244d23f28d68a86480d8,38.1
SPOT,0x2fe70a37a70b4a4cd3e4042563f86c020478006eec5d95b0fd6e76d5412eabe2,1749776652127,HYPE,Buy,70,0xffffffffffffffffffffffffffffffffffffffff,0x7be1cba648ebe1ab8084244d23f28d68a86480d8,38.1
SPOT,0x7e2a9e1b01e6232cfef5042563f867020407007faf39db7fcc273fa19c475561,1749776651781,HYPE,Buy,86.94,0xffffffffffffffffffffffffffffffffffffffff,0x7be1cba648ebe1ab8084244d23f28d68a86480d8,38.1
SPOT,0xf1e1c27b21c2cdc09364042563f8640201d500e6db453ff421af6df70698b60c,1749776651574,HYPE,Buy,230.68,0xffffffffffffffffffffffffffffffffffffffff,0x7be1cba648ebe1ab8084244d23f28d68a86480d8,38.1
SPOT,0xd3f28356b2e8d9ab9a79042563f86302022900a2335c5afe10273c1cb8304a20,1749776651476,HYPE,Buy,94.21,0xffffffffffffffffffffffffffffffffffffffff,0x7be1cba648ebe1ab8084244d23f28d68a86480d8,38.1
SPOT,0xa10250452d036c7a3943042563f86302022800b442ecacc441da2e949883ec80,1749776651476,HYPE,Buy,84.59,0xffffffffffffffffffffffffffffffffffffffff,0x7be1cba648ebe1ab8084244d23f28d68a86480d8,38.1
SPOT,0x650cdb3eca53c3e2c3b6042563f863020227007bbd212805474570b410c05907,1749776651476,HYPE,Buy,38.45,0xffffffffffffffffffffffffffffffffffffffff,0x7be1cba648ebe1ab8084244d23f28d68a86480d8,38.1
SPOT,0xeae4ad92ed95d7860ebe042563f863020226005c345e275ffff220922a188d98,1749776651476,HYPE,Buy,693.94,0xffffffffffffffffffffffffffffffffffffffff,0x7be1cba648ebe1ab8084244d23f28d68a86480d8,38.1
SPOT,0x277901c771c352a75625042563f86002088500a297f3ec72ecc6480298157f84,1749776651290,HYPE,Buy,18.63,0xffffffffffffffffffffffffffffffffffffffff,0x7be1cba648ebe1ab8084244d23f28d68a86480d8,38.1
SPOT,0xc85b1cc3280a18dc54a2042563f86002088400732fa49a3ebb16e05f141ea9af,1749776651290,HYPE,Buy,17.22,0xffffffffffffffffffffffffffffffffffffffff,0x7be1cba648ebe1ab8084244d23f28d68a86480d8,38.1
SPOT,0xe38cc16ed711475e37b0042563f8600208830060ef3bcf4adaf32dfb582e7bbd,1749776651290,HYPE,Buy,642.04,0xffffffffffffffffffffffffffffffffffffffff,0x7be1cba648ebe1ab8084244d23f28d68a86480d8,38.1
SPOT,0xefaed435cca5e7c327d0042563f86002087100a747a822ffb78aeec0ce6f4729,1749776651290,HYPE,Buy,39.99,0xffffffffffffffffffffffffffffffffffffffff,0x7be1cba648ebe1ab8084244d23f28d68a86480d8,38.1
SPOT,0x3cdf2f9ba42d7e71a60f042563f86002086e00a8a22e174400a413a5d25df1cc,1749776651290,HYPE,Buy,553.61,0xffffffffffffffffffffffffffffffffffffffff,0x7be1cba648ebe1ab8084244d23f28d68a86480d8,38.1
SPOT,0x64341a9b711be84a5c47042563f86002086d007838893455f56af0ebf043f818,1749776651290,HYPE,Buy,269.12,0xffffffffffffffffffffffffffffffffffffffff,0x7be1cba648ebe1ab8084244d23f28d68a86480d8,38.1
SPOT,0x1b9a1b04df0b58445d0f042563f85e0206390006bfc335d9668a229565be302f,1749776651146,HYPE,Buy,357.59,0xffffffffffffffffffffffffffffffffffffffff,0x7be1cba648ebe1ab8084244d23f28d68a86480d8,38.1
SPOT,0xe52d657d6fe94ae1c5a2042563f85e020637001fd62b26c86e4697543d76a0a5,1749776651146,HYPE,Buy,132.64,0xffffffffffffffffffffffffffffffffffffffff,0x7be1cba648ebe1ab8084244d23f28d68a86480d8,38.1
SPOT,0xfc0bd3077582aad3d005042563f85e0206330026ba55d569ff8897f96d254f17,1749776651146,HYPE,Buy,200,0xffffffffffffffffffffffffffffffffffffffff,0x7be1cba648ebe1ab8084244d23f28d68a86480d8,38.1
SPOT,0xb74dbbb825688145f670042563f85902018d00cc49fe0f524b45465a7ce0d9fd,1749776650783,HYPE,Buy,322.94,0xffffffffffffffffffffffffffffffffffffffff,0x7be1cba648ebe1ab8084244d23f28d68a86480d8,38.1
SPOT,0x599b342339152752acde042563f85902018b0053b7d7b062fbde06d97b20929f,1749776650783,HYPE,Buy,46.99,0xffffffffffffffffffffffffffffffffffffffff,0x7be1cba648ebe1ab8084244d23f28d68a86480d8,38.1
SPOT,0x01f621802cfe7bfc14f0042563f8570202e50016f80d98212db309e2c359dbf4,1749776650646,HYPE,Buy,84.55,0xffffffffffffffffffffffffffffffffffffffff,0x7be1cba648ebe1ab8084244d23f28d68a86480d8,38.1
SPOT,0x6ee5a3459899edf884b2042563f8570202e400bc1659a0324f25ba90b4daf2a5,1749776650646,HYPE,Buy,201.85,0xffffffffffffffffffffffffffffffffffffffff,0x7be1cba648ebe1ab8084244d23f28d68a86480d8,38.1
SPOT,0xa8b4b43fa2adb8bfd5d4042563f8570202e300f45d5351d72dd68f018cef03b5,1749776650646,HYPE,Buy,35.36,0xffffffffffffffffffffffffffffffffffffffff,0x7be1cba648ebe1ab8084244d23f28d68a86480d8,38.1
SPOT,0xb56b4d8ee4e6289e9e83042563f85602019a00fe2b71b3db9c5fbf33e47de05e,1749776650579,HYPE,Buy,46.13,0xffffffffffffffffffffffffffffffffffffffff,0x7be1cba648ebe1ab8084244d23f28d68a86480d8,38.1
SPOT,0x567a6d654369295923a4042563f8550205a3001e0c2c9d0cdb7dd405673c9cdb,1749776650429,HYPE,Buy,28.54,0xffffffffffffffffffffffffffffffffffffffff,0x7be1cba648ebe1ab8084244d23f28d68a86480d8,38.1
SPOT,0x4f8adf766c3e959b9a68042563f84e020882009a2e953c3b6ab21644ade7bd5d,1749776649640,HYPE,Buy,34.06,0xffffffffffffffffffffffffffffffffffffffff,0x7be1cba648ebe1ab8084244d23f28d68a86480d8,38.1
SPOT,0x243fc674a5e359c3e9ba042563f81902021c007f48214d9d638dcac515869fbc,1749776645386,HYPE,Buy,3.9,0xffffffffffffffffffffffffffffffffffffffff,0x7be1cba648ebe1ab8084244d23f28d68a86480d8,38.1
SPOT,0xb1736470fc0534228db1042563f80d020a00003a6d7ef1e5bd3effd1ca114be2,1749776644624,HYPE,Buy,3.9,0xffffffffffffffffffffffffffffffffffffffff,0x7be1cba648ebe1ab8084244d23f28d68a86480d8,38.1
SPOT,0x500fc0b7c1b34e804871042563f80402058900f2c8e18c50adba582b21d88283,1749776643927,HYPE,Buy,3.9,0xffffffffffffffffffffffffffffffffffffffff,0x7be1cba648ebe1ab8084244d23f28d68a86480d8,38.1
SPOT,0xc14fa0a1a5109659fd9a042563f80402054000c753fabec7220389906dcbc190,1749776643927,HYPE,Buy,30.78,0xffffffffffffffffffffffffffffffffffffffff,0x7be1cba648ebe1ab8084244d23f28d68a86480d8,38.1
SPOT,0xcecffae5ffd02cb31b08042563f803020ba40072e95dd981decd0bde461c7822,1749776643829,HYPE,Buy,34.11,0xffffffffffffffffffffffffffffffffffffffff,0x7be1cba648ebe1ab8084244d23f28d68a86480d8,38.1
SPOT,0x253a87fe57ed87291bd2042563f803020b680026e05b5254206cb64f9ec56060,1749776643829,HYPE,Buy,130.72,0xffffffffffffffffffffffffffffffffffffffff,0x7be1cba648ebe1ab8084244d23f28d68a86480d8,38.1
SPOT,0x38f3ffac99bc72cb7382042563f803020b6400aeb3b356f42e021545d4f7888c,1749776643829,HYPE,Buy,22.15,0xffffffffffffffffffffffffffffffffffffffff,0x7be1cba648ebe1ab8084244d23f28d68a86480d8,38.1
SPOT,0x4e655d3094f5e195d229042563f800020835008815ee2cd7dad3f765613c102c,1749776643533,HYPE,Buy,146.09,0xffffffffffffffffffffffffffffffffffffffff,0x7be1cba648ebe1ab8084244d23f28d68a86480d8,38.1
SPOT,0xc4a2392a3c9bc73280f2042563f80002083300f4c0f7ec80ec181bb65605e8f8,1749776643533,HYPE,Buy,55.76,0xffffffffffffffffffffffffffffffffffffffff,0x7be1cba648ebe1ab8084244d23f28d68a86480d8,38.1
SPOT,0xa102bb17bec65a7d6b1e042563f800020830000ad4cbb03712cf62092107ab56,1749776643533,HYPE,Buy,3.9,0xffffffffffffffffffffffffffffffffffffffff,0x7be1cba648ebe1ab8084244d23f28d68a86480d8,38.1
SPOT,0xb276e0277d77bfbafed7042563f7ff0203e8009e2f035d0b7cc76da550678889,1749776643422,HYPE,Buy,201.83,0xffffffffffffffffffffffffffffffffffffffff,0x7be1cba648ebe1ab8084244d23f28d68a86480d8,38.1
SPOT,0x73562b5fc4f6da614989042563f7ff0203e7004e2773711354dc453f73aa644b,1749776643422,HYPE,Buy,1968.27,0xffffffffffffffffffffffffffffffffffffffff,0x7be1cba648ebe1ab8084244d23f28d68a86480d8,38.1
SPOT,0x930ee9dd4b7f704db88b042563f7ff0203e300ebeb2874d455b81eaf22ea8bea,1749776643422,HYPE,Buy,587.4,0xffffffffffffffffffffffffffffffffffffffff,0x7be1cba648ebe1ab8084244d23f28d68a86480d8,38.1
SPOT,0xa1f453e1f88936c3bdbe042563f7fe02048a0052845e9610b0535cffbac03cc3,1749776643367,HYPE,Buy,961.06,0xffffffffffffffffffffffffffffffffffffffff,0x7be1cba648ebe1ab8084244d23f28d68a86480d8,38.1
SPOT,0x861c35b2c47e028a0631042563f7fe0204890085b4610a8df3c03a37fcbee943,1749776643367,HYPE,Buy,28.22,0xffffffffffffffffffffffffffffffffffffffff,0x7be1cba648ebe1ab8084244d23f28d68a86480d8,38.1
SPOT,0x00dc98ed96ba8e14714c042563f7fd0204e70027713e46e56bdcbce62e488dc4,1749776643276,HYPE,Buy,62.84,0xffffffffffffffffffffffffffffffffffffffff,0x7be1cba648ebe1ab8084244d23f28d68a86480d8,38.1
SPOT,0x6f45da6ab9aed7e2b24d042563f7fd0204e5007b0847d508738ca618a84dcafa,1749776643276,HYPE,Buy,7.9,0xffffffffffffffffffffffffffffffffffffffff,0x7be1cba648ebe1ab8084244d23f28d68a86480d8,38.1
SPOT,0xa3f20b7a03aca3882e57042563f7fd0204e40054f81e4c49487111c50047017b,1749776643276,HYPE,Buy,31.39,0xffffffffffffffffffffffffffffffffffffffff,0x7be1cba648ebe1ab8084244d23f28d68a86480d8,38.1
SPOT,0x053c50ebd7641e365d27042563f7fb02047000736c621a0e65aa0034d0a85786,1749776643104,HYPE,Buy,33.84,0xffffffffffffffffffffffffffffffffffffffff,0x7be1cba648ebe1ab8084244d23f28d68a86480d8,38.1
SPOT,0xcdaf2d63198e40f90355042563f7fb02046f00a38bd20ba72c8d2f1a6b15bce6,1749776643104,HYPE,Buy,30.76,0xffffffffffffffffffffffffffffffffffffffff,0x7be1cba648ebe1ab8084244d23f28d68a86480d8,38.1
SPOT,0xa98a0141d7f131cd0c42042563f7fa0203ab008391e2ecf03eb3857a11f1fe83,1749776643069,HYPE,Buy,99.59,0xffffffffffffffffffffffffffffffffffffffff,0x7be1cba648ebe1ab8084244d23f28d68a86480d8,38.1
SPOT,0xe4b28e343748a9cd09b3042563f7f8020869004eb2d2b26255349eddefb2ff0f,1749776642903,HYPE,Buy,125.46,0xffffffffffffffffffffffffffffffffffffffff,0x7be1cba648ebe1ab8084244d23f28d68a86480d8,38.1
SPOT,0x106c3d959cd93c268a45042563f7f802086800b4dbef225c44aa1cc9ba67107b,1749776642903,HYPE,Buy,272.28,0xffffffffffffffffffffffffffffffffffffffff,0x7be1cba648ebe1ab8084244d23f28d68a86480d8,38.1
SPOT,0xc6d0531f9df0247d02d0042563f7f8020865005646f2960d4b478847e1657e38,1749776642903,HYPE,Buy,22.79,0xffffffffffffffffffffffffffffffffffffffff,0x7be1cba648ebe1ab8084244d23f28d68a86480d8,38.1
SPOT,0x6898a270df12f9c26250042563f7f402031c00d165338e45d07441f4bf89ae9c,1749776642662,HYPE,Buy,457.47,0xffffffffffffffffffffffffffffffffffffffff,0x7be1cba648ebe1ab8084244d23f28d68a86480d8,38.1
SPOT,0x07723650b9e0174001a7042563f7f402031a00ce26f4f40c928017b22e017589,1749776642662,HYPE,Buy,328.84,0xffffffffffffffffffffffffffffffffffffffff,0x7be1cba648ebe1ab8084244d23f28d68a86480d8,38.1
SPOT,0x91b20d33f89c4ba23c1f042563f7f302050f001ec710b6cb410a251f1a5eb4e4,1749776642423,HYPE,Buy,93.91,0xffffffffffffffffffffffffffffffffffffffff,0x7be1cba648ebe1ab8084244d23f28d68a86480d8,38.1
SPOT,0xf0867ec372319501dbe9042563f7f102062b00ff587a5749571f76cedf16be1a,1749776642196,HYPE,Buy,30,0xffffffffffffffffffffffffffffffffffffffff,0x7be1cba648ebe1ab8084244d23f28d68a86480d8,38.1
SPOT,0x4094e8622c6ecd25ed43042563f7ed02048c00f2aaf3df5ff0b4a302e790d858,1749776641877,HYPE,Buy,138.04,0xffffffffffffffffffffffffffffffffffffffff,0x7be1cba648ebe1ab8084244d23f28d68a86480d8,38.1
SPOT,0x7bf487cebc338b01796e042563f7ec02099b005a3879563493c539c4724ccac0,1749776641803,HYPE,Buy,2.93,0xffffffffffffffffffffffffffffffffffffffff,0x7be1cba648ebe1ab8084244d23f28d68a86480d8,38.1
SPOT,0x7b7199e78fb80d663d39042563f361020457001d2071957b8c932def7741dc44,1749776548595,HYPE,Buy,683.3,0xffffffffffffffffffffffffffffffffffffffff,0x7be1cba648ebe1ab8084244d23f28d68a86480d8,38.1
SPOT,0xaf8dfb2cbd7d81a82195042563f2fd0203ca005dcd59cbf9e40fa347ea39b4d6,1749776541048,HYPE,Buy,532.81,0xffffffffffffffffffffffffffffffffffffffff,0x7be1cba648ebe1ab8084244d23f28d68a86480d8,38.1
SPOT,0xa61cc525822b8367dbd0042563f2c20204ca009f8323693a2f69324208da4620,1749776536944,HYPE,Buy,24.61,0xffffffffffffffffffffffffffffffffffffffff,0x7be1cba648ebe1ab8084244d23f28d68a86480d8,38.1
SPOT,0x7454a2634486d2224d1d042563f2c102030b0065ace34297e22671a64d500506,1749776536798,HYPE,Buy,15.52,0xffffffffffffffffffffffffffffffffffffffff,0x7be1cba648ebe1ab8084244d23f28d68a86480d8,38.1
SPOT,0x17949cd114f6422b7e9c042563f2c102030a00a288daf4594356fa68513607fb,1749776536798,HYPE,Buy,878.51,0xffffffffffffffffffffffffffffffffffffffff,0x7be1cba648ebe1ab8084244d23f28d68a86480d8,38.1
SPOT,0x492ffd151a3ca28b84a3042563f2c102030900d44261de1b570c61939d725fc4,1749776536798,HYPE,Buy,524.81,0xffffffffffffffffffffffffffffffffffffffff,0x7be1cba648ebe1ab8084244d23f28d68a86480d8,38.1
SPOT,0x7023cf73164fb08f1abf042563f2bf0205db00150b842dc4cb2c663eca44802c,1749776536689,HYPE,Buy,51.65,0xffffffffffffffffffffffffffffffffffffffff,0x7be1cba648ebe1ab8084244d23f28d68a86480d8,38.1
SPOT,0x23422f4667a0eecc51af042563f2be020152008b8ae71c6b6faa763cea62136d,1749776536595,HYPE,Buy,338.34,0xffffffffffffffffffffffffffffffffffffffff,0x7be1cba648ebe1ab8084244d23f28d68a86480d8,38.1
SPOT,0xcbc20161a4832f2da8dd042563f2bc020356006b65e6b30742d79daf9b55ebca,1749776536477,HYPE,Buy,33.39,0xffffffffffffffffffffffffffffffffffffffff,0x7be1cba648ebe1ab8084244d23f28d68a86480d8,38.1
SPOT,0x973c7d0cdf5e3b87b3c8042563f2ba0202fe00d4c4c2f0b1f9d440ecbf454704,1749776536292,HYPE,Buy,603.35,0xffffffffffffffffffffffffffffffffffffffff,0x7be1cba648ebe1ab8084244d23f28d68a86480d8,38.1
SPOT,0x1db6f145c79f2a2d6fa6042563f2b902035c0018f748858dddfd8aaa87160991,1749776536227,HYPE,Buy,88.4,0xffffffffffffffffffffffffffffffffffffffff,0x7be1cba648ebe1ab8084244d23f28d68a86480d8,38.1
SPOT,0xc29c9500e56bb4a4c898042563f2b902035b00c38994340bdd1064216a8dafed,1749776536227,HYPE,Buy,245.97,0xffffffffffffffffffffffffffffffffffffffff,0x7be1cba648ebe1ab8084244d23f28d68a86480d8,38.1
SPOT,0xeb67f92e8c66e22cf51f042563f2b60204f8004917e208b9f0347e06ca7d804b,1749776536052,HYPE,Buy,309.36,0xffffffffffffffffffffffffffffffffffffffff,0x7be1cba648ebe1ab8084244d23f28d68a86480d8,38.1
SPOT,0x79b280fda515e95eb0d5042563f2b60204c300f7a148dfa28251a16dfe8bdd76,1749776536052,HYPE,Buy,30,0xffffffffffffffffffffffffffffffffffffffff,0x7be1cba648ebe1ab8084244d23f28d68a86480d8,38.1
SPOT,0xd30a1b8f51dc1eee62df042563f2b00201a00002b725e3964f2c3741fd016d11,1749776535642,HYPE,Buy,13.06,0xffffffffffffffffffffffffffffffffffffffff,0x7be1cba648ebe1ab8084244d23f28d68a86480d8,38.1
SPOT,0xaa5912814e268d91afe0042563f2af0205dc00b3bb97be98b0cceea4d84a51f3,1749776535575,HYPE,Buy,4,0xffffffffffffffffffffffffffffffffffffffff,0x7be1cba648ebe1ab8084244d23f28d68a86480d8,38.1
SPOT,0xef38154af787d39c2835042563f2ad0201a70023c34057073def889312c7620f,1749776535374,HYPE,Buy,72.79,0xffffffffffffffffffffffffffffffffffffffff,0x7be1cba648ebe1ab8084244d23f28d68a86480d8,38.1
SPOT,0x712f0b34afe7485429f3042563a9310206890093957fcb7021fc953180399eb3,1749775021090,HYPE,Buy,3133.84,0xffffffffffffffffffffffffffffffffffffffff,0x7be1cba648ebe1ab8084244d23f28d68a86480d8,38.1
SPOT,0xe84977f6af2b3d6f58b6042563a90e02060300b1cae875fddaf9923778c7dbe4,1749775018253,HYPE,Buy,372.54,0xffffffffffffffffffffffffffffffffffffffff,0x7be1cba648ebe1ab8084244d23f28d68a86480d8,38.1
SPOT,0x7a4ba1abbda06e47e05a042563a8f60209cd007b715bb30a53d864a0bd31f317,1749775016349,HYPE,Buy,393.7,0xffffffffffffffffffffffffffffffffffffffff,0x7be1cba648ebe1ab8084244d23f28d68a86480d8,38.1
SPOT,0x433c81fff68f7c056d36042563a8f602099800e0b6cb507859bac57b295410cf,1749775016349,HYPE,Buy,6.03,0xffffffffffffffffffffffffffffffffffffffff,0x7be1cba648ebe1ab8084244d23f28d68a86480d8,38.1
SPOT,0xda9e7ada2bc3dc14e2b1042563a8f6020997006bed224be90385371bf99c78bb,1749775016349,HYPE,Buy,2.26,0xffffffffffffffffffffffffffffffffffffffff,0x7be1cba648ebe1ab8084244d23f28d68a86480d8,38.1
SPOT,0xb193294f05d223722291042563a8f4020a5f00fab5d516a40b4c355c3245a0d9,1749775016149,HYPE,Buy,4.2,0xffffffffffffffffffffffffffffffffffffffff,0x7be1cba648ebe1ab8084244d23f28d68a86480d8,38.1
SPOT,0x5a9a2ca1d8fe59f17694042563a8f4020a5e00789ba2db1b466924e1f2900b10,1749775016149,HYPE,Buy,1.05,0xffffffffffffffffffffffffffffffffffffffff,0x7be1cba648ebe1ab8084244d23f28d68a86480d8,38.1
SPOT,0x9f09d736e5fc8244393f042563a8db0201b600960893dc2d811824372eff93c5,1749775014002,HYPE,Buy,1,0xffffffffffffffffffffffffffffffffffffffff,0x7be1cba648ebe1ab8084244d23f28d68a86480d8,38.1
SPOT,0x4e56218dfcea20a30b8b042563a8d90205d900d12e76a160ec942893ce68ae28,1749775013879,HYPE,Buy,6.36,0xffffffffffffffffffffffffffffffffffffffff,0x7be1cba648ebe1ab8084244d23f28d68a86480d8,38.1
SPOT,0xc6bba726ea5f43cef0bd042563a8d6020625006a6ed932afd0762f51d810b736,1749775013607,HYPE,Buy,21.81,0xffffffffffffffffffffffffffffffffffffffff,0x7be1cba648ebe1ab8084244d23f28d68a86480d8,38.1
SPOT,0x2cf9aac8d571cb8cb2da042563a8d10204c6009d8e402622d9fc15845c04b220,1749775013198,HYPE,Buy,120,0xffffffffffffffffffffffffffffffffffffffff,0x7be1cba648ebe1ab8084244d23f28d68a86480d8,38.1
SPOT,0xe655ad556afc3e5aecf8042563a8d10204c5000e9cbaa93744d58a3f5e63e0b2,1749775013198,HYPE,Buy,825.35,0xffffffffffffffffffffffffffffffffffffffff,0x7be1cba648ebe1ab8084244d23f28d68a86480d8,38.1
SPOT,0x43862a764f5ffeb1ca87042563a8cf0208f80034e92297a2065b99deceb5ed34,1749775013069,HYPE,Buy,12.38,0xffffffffffffffffffffffffffffffffffffffff,0x7be1cba648ebe1ab8084244d23f28d68a86480d8,38.1
SPOT,0xb59589b27fb24ad039e2042563a8cf0208b600c343dffb1d2abec6f3b81bc0b2,1749775013069,HYPE,Buy,3.9,0xffffffffffffffffffffffffffffffffffffffff,0x7be1cba648ebe1ab8084244d23f28d68a86480d8,38.1
SPOT,0xf80cc69b22c296379306042563a8cf0208b5006cac300ea2f9a48b2285d0688d,1749775013069,HYPE,Buy,214.68,0xffffffffffffffffffffffffffffffffffffffff,0x7be1cba648ebe1ab8084244d23f28d68a86480d8,38.1
SPOT,0x4ea76be4bbbce3912edc042563a8c80209e3002019896a0cd02616fcf6eea656,1749775012643,HYPE,Buy,4,0xffffffffffffffffffffffffffffffffffffffff,0x7be1cba648ebe1ab8084244d23f28d68a86480d8,38.1
SPOT,0x825b4f162b489344a4d8042563a8c80209e200768db89e9ad40ad57673842936,1749775012643,HYPE,Buy,6.03,0xffffffffffffffffffffffffffffffffffffffff,0x7be1cba648ebe1ab8084244d23f28d68a86480d8,38.1
SPOT,0x4821bcc61934450628b5042563a8c80209e100c182540afc9d5a3c6b6805ed12,1749775012643,HYPE,Buy,10,0xffffffffffffffffffffffffffffffffffffffff,0x7be1cba648ebe1ab8084244d23f28d68a86480d8,38.1
SPOT,0x5e8ffc8452747ff74754042563a8c80209e0000e2ed001919e011ba8799db9de,1749775012643,HYPE,Buy,30,0xffffffffffffffffffffffffffffffffffffffff,0x7be1cba648ebe1ab8084244d23f28d68a86480d8,38.1
SPOT,0x8856eaa1fb0edaccff87042563a8c80209df00c759836507a18525665d516673,1749775012643,HYPE,Buy,4.2,0xffffffffffffffffffffffffffffffffffffffff,0x7be1cba648ebe1ab8084244d23f28d68a86480d8,38.1
SPOT,0x5a12bd7c0c7ea19fe272042563a8c802099100856249adaf8829d62680dc8c23,1749775012643,HYPE,Buy,120,0xffffffffffffffffffffffffffffffffffffffff,0x7be1cba648ebe1ab8084244d23f28d68a86480d8,38.1
SPOT,0xb31a01ef7f9cddb60c02042563a8c8020990006917960f9650bea5005990ecdd,1749775012643,HYPE,Buy,16.11,0xffffffffffffffffffffffffffffffffffffffff,0x7be1cba648ebe1ab8084244d23f28d68a86480d8,38.1
SPOT,0x1db9323e7976929d28c0042563a8c702028f00a7b9a5c39b5adfd4505800d194,1749775012568,HYPE,Buy,6.86,0xffffffffffffffffffffffffffffffffffffffff,0x7be1cba648ebe1ab8084244d23f28d68a86480d8,38.1
SPOT,0x1c15c1c38370c265653e042563a8c702028d002311081878fb0a68312b02fe5a,1749775012568,HYPE,Buy,3.41,0xffffffffffffffffffffffffffffffffffffffff,0x7be1cba648ebe1ab8084244d23f28d68a86480d8,38.1
SPOT,0x9ad37026a11b3307ff7c042563a8c2020577005818c0754a8fcc748b7095b420,1749775012191,HYPE,Buy,118.69,0xffffffffffffffffffffffffffffffffffffffff,0x7be1cba648ebe1ab8084244d23f28d68a86480d8,38.1
SPOT,0x83feadded9da2b119168042563a8c2020575002ceb971cd819a63ac60c09366e,1749775012191,HYPE,Buy,205.84,0xffffffffffffffffffffffffffffffffffffffff,0x7be1cba648ebe1ab8084244d23f28d68a86480d8,38.1
SPOT,0xc70c1f4b76c839447663042563a8c202057300a0f478fb19e2058e328d95444b,1749775012191,HYPE,Buy,73.33,0xffffffffffffffffffffffffffffffffffffffff,0x7be1cba648ebe1ab8084244d23f28d68a86480d8,38.1
SPOT,0x34af202caf55ada09bb5042563a8b002027800b34f4512ca4d8f69c330e4c5ef,1749775010818,HYPE,Buy,5,0xffffffffffffffffffffffffffffffffffffffff,0x7be1cba648ebe1ab8084244d23f28d68a86480d8,38.1
SPOT,0xca52b7f2b12b4bb95939042563a8ad02021b00882e6ab829b09b97ed1fb77aa1,1749775010595,HYPE,Buy,736.17,0xffffffffffffffffffffffffffffffffffffffff,0x7be1cba648ebe1ab8084244d23f28d68a86480d8,38.1
SPOT,0x2c75e0831cd721abd7cb042563a892020a8900aead74c577dd380eadd9638ad9,1749775008451,HYPE,Buy,92.15,0xffffffffffffffffffffffffffffffffffffffff,0x7be1cba648ebe1ab8084244d23f28d68a86480d8,38.1
SPOT,0x8954c95272aa9a6ff924042563a8900205d900c86b371b101a8a69d9db9cd9a0,1749775008335,HYPE,Buy,208.41,0xffffffffffffffffffffffffffffffffffffffff,0x7be1cba648ebe1ab8084244d23f28d68a86480d8,38.1
SPOT,0x4fc143f0243fbf7941e8042563a86002045a008cdcf2379079fe6403760e3709,1749775004480,HYPE,Buy,235.8,0xffffffffffffffffffffffffffffffffffffffff,0x7be1cba648ebe1ab8084244d23f28d68a86480d8,38.1
SPOT,0x4cbd4a12b380c58b5df7042563a85a0202ea00ba9988deedc106de856b9b5e8b,1749775004022,HYPE,Buy,1.97,0xffffffffffffffffffffffffffffffffffffffff,0x7be1cba648ebe1ab8084244d23f28d68a86480d8,38.1
SPOT,0xf2308708bc07e0d42944042563a85a0202e8002d3394bb73e57df9d630496c9e,1749775004022,HYPE,Buy,235.8,0xffffffffffffffffffffffffffffffffffffffff,0x7be1cba648ebe1ab8084244d23f28d68a86480d8,38.1
SPOT,0xb883d2a69039e3d12e54042563a848020320007616b4b1d657fb3b796a7592d5,1749775002731,HYPE,Buy,33.6,0xffffffffffffffffffffffffffffffffffffffff,0x7be1cba648ebe1ab8084244d23f28d68a86480d8,38.1
SPOT,0x9b8c51fe94098c5f064d042563a84602049500e74e93672ac88ee04b560dc355,1749775002595,HYPE,Buy,40.42,0xffffffffffffffffffffffffffffffffffffffff,0x7be1cba648ebe1ab8084244d23f28d68a86480d8,38.1
SPOT,0x205a5486528329861e03042563a8450202f70042b854fd10f39a06f8f542f53a,1749775002523,HYPE,Buy,2.63,0xffffffffffffffffffffffffffffffffffffffff,0x7be1cba648ebe1ab8084244d23f28d68a86480d8,38.1
SPOT,0x6d48c73a42d5b8f0a7a6042563a8430203c2006ef9a9907c6807e8099c220924,1749775002389,HYPE,Buy,806.07,0xffffffffffffffffffffffffffffffffffffffff,0x7be1cba648ebe1ab8084244d23f28d68a86480d8,38.1
SPOT,0x7da275583bbef7380c27042563a83b020c3300faea397491a4711b4d8859e39c,1749775001821,HYPE,Buy,5.36,0xffffffffffffffffffffffffffffffffffffffff,0x7be1cba648ebe1ab8084244d23f28d68a86480d8,38.1
SPOT,0x67a7fe5d821606238f5d042563a8390209d0008e9328bb33ce1a2f7a69a8f463,1749775001606,HYPE,Buy,24.03,0xffffffffffffffffffffffffffffffffffffffff,0x7be1cba648ebe1ab8084244d23f28d68a86480d8,38.1
SPOT,0x44df45b633e048f92502042563a83902099c0068ee493fdd9f7a5758631b75dd,1749775001606,HYPE,Buy,1,0xffffffffffffffffffffffffffffffffffffffff,0x7be1cba648ebe1ab8084244d23f28d68a86480d8,38.1
SPOT,0xe93505796c4f0333e428042563a83602092100229e948b9ae002df433e796b34,1749775001374,HYPE,Buy,4.3,0xffffffffffffffffffffffffffffffffffffffff,0x7be1cba648ebe1ab8084244d23f28d68a86480d8,38.1
SPOT,0x59405bef1b5416aee22f042563a8360208ff00e2d962ded54e747b58d0d93234,1749775001374,HYPE,Buy,55.59,0xffffffffffffffffffffffffffffffffffffffff,0x7be1cba648ebe1ab8084244d23f28d68a86480d8,38.1
SPOT,0xfc2f01a895c9e47e6e95042563a83402086e006fb9a2c59796bdae2346c1870d,1749775001123,HYPE,Buy,4.2,0xffffffffffffffffffffffffffffffffffffffff,0x7be1cba648ebe1ab8084244d23f28d68a86480d8,38.1
SPOT,0x2552b29f06a263c75ef1042563a832020249000a361580c4315cd4fac9616f56,1749775001003,HYPE,Buy,120,0xffffffffffffffffffffffffffffffffffffffff,0x7be1cba648ebe1ab8084244d23f28d68a86480d8,38.1
SPOT,0xb3cf2cf5f566fe37ddcf042563a82e020496006b53ced73f9cd3623e46e458cb,1749775000647,HYPE,Buy,1,0xffffffffffffffffffffffffffffffffffffffff,0x7be1cba648ebe1ab8084244d23f28d68a86480d8,38.1
SPOT,0xe1fac36bbf7115adb706042563a82c02075300a3986c813f958a7535d2a61d0c,1749775000474,HYPE,Buy,334.15,0xffffffffffffffffffffffffffffffffffffffff,0x7be1cba648ebe1ab8084244d23f28d68a86480d8,38.1
SPOT,0x8ab88a79e2b8eda2fb2a042563a82c02075200f38ea8a58ea5615fb389f6726f,1749775000474,HYPE,Buy,2.63,0xffffffffffffffffffffffffffffffffffffffff,0x7be1cba648ebe1ab8084244d23f28d68a86480d8,38.1
SPOT,0xcd1ef2c88d0f913b096b042563a82c0206e400172608cb0d2d4e99a61d03412a,1749775000474,HYPE,Buy,6.12,0xffffffffffffffffffffffffffffffffffffffff,0x7be1cba648ebe1ab8084244d23f28d68a86480d8,38.1
SPOT,0x539143f547062b30c56e042563a82b0201dc00c1777ee6d0ae8d7dd19893d007,1749775000392,HYPE,Buy,3.9,0xffffffffffffffffffffffffffffffffffffffff,0x7be1cba648ebe1ab8084244d23f28d68a86480d8,38.1
SPOT,0x585aced0eddc7491cc97042563a82b0201da00eeac5dafd01e3227c1ff47cde6,1749775000392,HYPE,Buy,101.3,0xffffffffffffffffffffffffffffffffffffffff,0x7be1cba648ebe1ab8084244d23f28d68a86480d8,38.1
SPOT,0x240f9eae4ac94a7b2748042563a8290209530091387b48eda310179ad416f0cf,1749775000146,HYPE,Buy,4.44,0xffffffffffffffffffffffffffffffffffffffff,0x7be1cba648ebe1ab8084244d23f28d68a86480d8,38.1
SPOT,0xf518b485f89033a6f711042563a82802028200a0a560705de81a21eecff0bcf6,1749775000067,HYPE,Buy,104.08,0xffffffffffffffffffffffffffffffffffffffff,0x7be1cba648ebe1ab8084244d23f28d68a86480d8,38.1
SPOT,0x1ccfc6fc437134fe142e042563a82702070600e739ceeb9df1c019dcb9bf04fb,1749774999962,HYPE,Buy,9.08,0xffffffffffffffffffffffffffffffffffffffff,0x7be1cba648ebe1ab8084244d23f28d68a86480d8,38.1
SPOT,0x5a4bb6f50e76f62f2cb2042563a82602073900533b836385d59d5d1b5a21d711,1749774999796,HYPE,Buy,38.32,0xffffffffffffffffffffffffffffffffffffffff,0x7be1cba648ebe1ab8084244d23f28d68a86480d8,38.1
SPOT,0xb66d8b3fd26d48a3e74c042563a8260207380080a900ea4e3bdba142bcb494b5,1749774999796,HYPE,Buy,1,0xffffffffffffffffffffffffffffffffffffffff,0x7be1cba648ebe1ab8084244d23f28d68a86480d8,38.1
SPOT,0x237946b037c5c13b7393042563a82602070700d7fa7ecb84bfd4600c5f47de97,1749774999796,HYPE,Buy,814.56,0xffffffffffffffffffffffffffffffffffffffff,0x7be1cba648ebe1ab8084244d23f28d68a86480d8,38.1
SPOT,0xce5c1dff00630608178a042563a824020730004e06ebb46ec8fddb2310a9135c,1749774999620,HYPE,Buy,1,0xffffffffffffffffffffffffffffffffffffffff,0x7be1cba648ebe1ab8084244d23f28d68a86480d8,38.1
SPOT,0xec4a431149803a95cc1a042563a8200203a4004020579e98e5a7ecad4404c6e0,1749774999267,HYPE,Buy,18.7,0xffffffffffffffffffffffffffffffffffffffff,0x7be1cba648ebe1ab8084244d23f28d68a86480d8,38.1
SPOT,0xa2d3f28d237da1c85da5042563a81f0205d60028482e7f462e7079c73e51d835,1749774999163,HYPE,Buy,1.59,0xffffffffffffffffffffffffffffffffffffffff,0x7be1cba648ebe1ab8084244d23f28d68a86480d8,38.1
SPOT,0x959b0487823a521a0d40042563a81e02023700b021f4f55bff229997586444bf,1749774999065,HYPE,Buy,4.08,0xffffffffffffffffffffffffffffffffffffffff,0x7be1cba648ebe1ab8084244d23f28d68a86480d8,38.1
SPOT,0xe019fe9c08730b3a8f5e042563a81b02021700efcf1304c2d8d95195ffbe0fdf,1749774998827,HYPE,Buy,240,0xffffffffffffffffffffffffffffffffffffffff,0x7be1cba648ebe1ab8084244d23f28d68a86480d8,38.1
SPOT,0x13e3bab585c2ed0d3154042563a81b02021600e71734fcdc3c15eb0f92572077,1749774998827,HYPE,Buy,3.9,0xffffffffffffffffffffffffffffffffffffffff,0x7be1cba648ebe1ab8084244d23f28d68a86480d8,38.1
SPOT,0x7e564d679e87d241e4c9042563a8170205a000992c02029bfebf0a5853edb8ef,1749774998620,HYPE,Buy,40.3,0xffffffffffffffffffffffffffffffffffffffff,0x7be1cba648ebe1ab8084244d23f28d68a86480d8,38.1
SPOT,0xede71baa8b7fab9caf79042563a81702057400bbfd7e0966ca5d3224f42fa7dc,1749774998620,HYPE,Buy,22.04,0xffffffffffffffffffffffffffffffffffffffff,0x7be1cba648ebe1ab8084244d23f28d68a86480d8,38.1
SPOT,0xa29f04753bcad390790d042563a81602026900a7b5bd68f1d612a3e9968d1fe5,1749774998528,HYPE,Buy,137.52,0xffffffffffffffffffffffffffffffffffffffff,0x7be1cba648ebe1ab8084244d23f28d68a86480d8,38.1
SPOT,0x22bc8bff90f432518f12042563a8140205a700685a98e52394bc3ca85cb44e8f,1749774998368,HYPE,Buy,10,0xffffffffffffffffffffffffffffffffffffffff,0x7be1cba648ebe1ab8084244d23f28d68a86480d8,38.1
SPOT,0xdae11b98e3674ca7748d042563a81302032800afb9a014823989bd779a9122bf,1749774998317,HYPE,Buy,4.2,0xffffffffffffffffffffffffffffffffffffffff,0x7be1cba648ebe1ab8084244d23f28d68a86480d8,38.1
SPOT,0x0de72ac9364b757fbe24042563a81202038000caa031452c0601a8b0c277bc4d,1749774998251,HYPE,Buy,3.9,0xffffffffffffffffffffffffffffffffffffffff,0x7be1cba648ebe1ab8084244d23f28d68a86480d8,38.1
SPOT,0xc8a20acbc957df90543b042563a810020315006a3713322c42976ad298c4e2a8,1749774998095,HYPE,Buy,20.81,0xffffffffffffffffffffffffffffffffffffffff,0x7be1cba648ebe1ab8084244d23f28d68a86480d8,38.1
SPOT,0x981c6c690c3c8de8fdfd042563a80f02035b0074442c97a23e7e834f8a41c3a6,1749774998013,HYPE,Buy,124.64,0xffffffffffffffffffffffffffffffffffffffff,0x7be1cba648ebe1ab8084244d23f28d68a86480d8,38.1
SPOT,0x7d6c10fbb907634bbc3a042563a80e0205ca0027ccb11d105a3bd8c9c2e52372,1749774997954,HYPE,Buy,138.5,0xffffffffffffffffffffffffffffffffffffffff,0x7be1cba648ebe1ab8084244d23f28d68a86480d8,38.1
SPOT,0x4169bb809c53ee886234042563a80b0205a800b58812b77e1dc5715bd2dc3eb0,1749774997763,HYPE,Buy,10.97,0xffffffffffffffffffffffffffffffffffffffff,0x7be1cba648ebe1ab8084244d23f28d68a86480d8,38.1
SPOT,0xa9b6cf7022d6ee31bf5c042563a80b02057800164c57abcbd9662104844d34d9,1749774997763,HYPE,Buy,1250,0xffffffffffffffffffffffffffffffffffffffff,0x7be1cba648ebe1ab8084244d23f28d68a86480d8,38.1
SPOT,0xd76aff73df43baa6502c042563a80602027f00346c39f6eb92843dc4364920b1,1749774997401,HYPE,Buy,155.77,0xffffffffffffffffffffffffffffffffffffffff,0x7be1cba648ebe1ab8084244d23f28d68a86480d8,38.1
SPOT,0x2cc88e5aac5b06f710bf042563a802020bdb00e56e4bb8efc68154853c3991c6,1749774997078,HYPE,Buy,13.1,0xffffffffffffffffffffffffffffffffffffffff,0x7be1cba648ebe1ab8084244d23f28d68a86480d8,38.1
SPOT,0xdbd700c1dba58be954e1042563a802020b92001264504cca18b697f7b2d3760a,1749774997078,HYPE,Buy,18.61,0xffffffffffffffffffffffffffffffffffffffff,0x7be1cba648ebe1ab8084244d23f28d68a86480d8,38.1
SPOT,0x5c467b6bda5d7b6b7c42042563a802020b400082396aa540ef469987578eb617,1749774997078,HYPE,Buy,4.41,0xffffffffffffffffffffffffffffffffffffffff,0x7be1cba648ebe1ab8084244d23f28d68a86480d8,38.1
SPOT,0x3f6b36ef33375ae73e5f042563a802020a600069ee06c7249d20de43bf195c4b,1749774997078,HYPE,Buy,84.23,0xffffffffffffffffffffffffffffffffffffffff,0x7be1cba648ebe1ab8084244d23f28d68a86480d8,38.1
SPOT,0xc31687015b848a39c7d0042563a802020a5f004326d87adf02d72c7c7a1bd8cc,1749774997078,HYPE,Buy,1,0xffffffffffffffffffffffffffffffffffffffff,0x7be1cba648ebe1ab8084244d23f28d68a86480d8,38.1
SPOT,0x97f20df1181de64416bb042563a8000207bf00504345e7a20c98a7d3d142e66b,1749774996927,HYPE,Buy,74.99,0xffffffffffffffffffffffffffffffffffffffff,0x7be1cba648ebe1ab8084244d23f28d68a86480d8,38.1
SPOT,0x1dab077a155d9385d82f042563a7ff02020a00996279f2e03a41cedd05bf8032,1749774996872,HYPE,Buy,8.77,0xffffffffffffffffffffffffffffffffffffffff,0x7be1cba648ebe1ab8084244d23f28d68a86480d8,38.1
SPOT,0x6c4a47b89affcaf52753042563a7fe0205e8006b2d99efe0849d3196455d58c1,1749774996801,HYPE,Buy,5.55,0xffffffffffffffffffffffffffffffffffffffff,0x7be1cba648ebe1ab8084244d23f28d68a86480d8,38.1
SPOT,0xa1f05c61a636bc6fbf60042563a7fe0205e600844db3adc74ab3e7a8279ac8f9,1749774996801,HYPE,Buy,109.11,0xffffffffffffffffffffffffffffffffffffffff,0x7be1cba648ebe1ab8084244d23f28d68a86480d8,38.1
SPOT,0x198058e3fe4e7308fb92042563a7fb02029c00f357bb98c1975dbaa9d16df512,1749774996615,HYPE,Buy,13.92,0xffffffffffffffffffffffffffffffffffffffff,0x7be1cba648ebe1ab8084244d23f28d68a86480d8,38.1
SPOT,0x45a406cb422c1fde0ede042563a7f60209da007bfd210cba8f8d4fa2a9524d85,1749774996269,HYPE,Buy,13.1,0xffffffffffffffffffffffffffffffffffffffff,0x7be1cba648ebe1ab8084244d23f28d68a86480d8,38.1
SPOT,0x4163138353963501b309042563a7f20205ed002e2ac4e5c130a996bbdd0bfe70,1749774995928,HYPE,Buy,10,0xffffffffffffffffffffffffffffffffffffffff,0x7be1cba648ebe1ab8084244d23f28d68a86480d8,38.1
SPOT,0x35f6d4e4f2b88e506078042563a7f102030700cdbd0f193192b435022739186d,1749774995840,HYPE,Buy,13.1,0xffffffffffffffffffffffffffffffffffffffff,0x7be1cba648ebe1ab8084244d23f28d68a86480d8,38.1
SPOT,0x6d046949cc364647016f042563a7f0020959006664a3f5990a92784fe827a9eb,1749774995741,HYPE,Buy,18.85,0xffffffffffffffffffffffffffffffffffffffff,0x7be1cba648ebe1ab8084244d23f28d68a86480d8,38.1
SPOT,0x818836692bfe87ac6b96042563a7f002095800e97359fc20a2fabed9c4dd8c30,1749774995741,HYPE,Buy,341.15,0xffffffffffffffffffffffffffffffffffffffff,0x7be1cba648ebe1ab8084244d23f28d68a86480d8,38.1
SPOT,0x0518780e0c98df0804a4042563a7ed02079f0011ad815c959c1333a3963aefe8,1749774995540,HYPE,Buy,35.84,0xffffffffffffffffffffffffffffffffffffffff,0x7be1cba648ebe1ab8084244d23f28d68a86480d8,38.1
SPOT,0x18ff435a65aa1808b67a042563a7ed02079e00273c5525ad4c27d991932bc3c1,1749774995540,HYPE,Buy,145.24,0xffffffffffffffffffffffffffffffffffffffff,0x7be1cba648ebe1ab8084244d23f28d68a86480d8,38.1
SPOT,0x53c32ac4a786cb642ad4042563a7ed02073a0090c9a426ad3d63c10e0e33818a,1749774995540,HYPE,Buy,24.03,0xffffffffffffffffffffffffffffffffffffffff,0x7be1cba648ebe1ab8084244d23f28d68a86480d8,38.1
SPOT,0x4cdbb33dad383053a753042563a7ea01df0013cae873e200764d646ec537a9cf,1749774995336,HYPE,Buy,13,0xffffffffffffffffffffffffffffffffffffffff,0x7be1cba648ebe1ab8084244d23f28d68a86480d8,38.1
SPOT,0x587ecab249dfd0c2d474042563a7e80209ea00f238bb12d893ca976179595786,1749774995187,HYPE,Buy,29.23,0xffffffffffffffffffffffffffffffffffffffff,0x7be1cba648ebe1ab8084244d23f28d68a86480d8,38.1
SPOT,0xcd84417630a6d04e6039042563a7e80209e9002f699a2b5a99dd485d6f00713c,1749774995187,HYPE,Buy,13.1,0xffffffffffffffffffffffffffffffffffffffff,0x7be1cba648ebe1ab8084244d23f28d68a86480d8,38.1
SPOT,0x88de7568310a703b1b97042563a7e80209e7006149d344d2362c543ac72f77c6,1749774995187,HYPE,Buy,209.6,0xffffffffffffffffffffffffffffffffffffffff,0x7be1cba648ebe1ab8084244d23f28d68a86480d8,38.1
SPOT,0x64bea1e9cdffec74f4d7042563a7e8020912008b01ab236c60b3ded8b1eb2cd9,1749774995187,HYPE,Buy,200,0xffffffffffffffffffffffffffffffffffffffff,0x7be1cba648ebe1ab8084244d23f28d68a86480d8,38.1
SPOT,0x1e798b82b5b207c13170042563a7e70207dc0083152401bd75360617090a8212,1749774995029,HYPE,Buy,24.1,0xffffffffffffffffffffffffffffffffffffffff,0x7be1cba648ebe1ab8084244d23f28d68a86480d8,38.1
SPOT,0xebde881c7d784515c90b042563a7e702075200be43e4a2e7824f0962ffd4114d,1749774995029,HYPE,Buy,17.03,0xffffffffffffffffffffffffffffffffffffffff,0x7be1cba648ebe1ab8084244d23f28d68a86480d8,38.1
SPOT,0xbdccc5d33956ff29201d042563a7e702071b0040dea383b74d796ee668f51adf,1749774995029,HYPE,Buy,37.5,0xffffffffffffffffffffffffffffffffffffffff,0x7be1cba648ebe1ab8084244d23f28d68a86480d8,38.1
SPOT,0xf7b9df62ba6e56321f92042563a7e60206fe007ac06c1b6d979e8286d5eace00,1749774994965,HYPE,Buy,4.2,0xffffffffffffffffffffffffffffffffffffffff,0x7be1cba648ebe1ab8084244d23f28d68a86480d8,38.1
SPOT,0x68604595662818bc4ecf042563a7e602054300717f5ac420529e18d07e505f25,1749774994965,HYPE,Buy,33.85,0xffffffffffffffffffffffffffffffffffffffff,0x7be1cba648ebe1ab8084244d23f28d68a86480d8,38.1
SPOT,0xd289c4f6961f197fd024042563a7e302033a006e1086f97c74f0c53af5202f33,1749774994746,HYPE,Buy,8.76,0xffffffffffffffffffffffffffffffffffffffff,0x7be1cba648ebe1ab8084244d23f28d68a86480d8,38.1
SPOT,0xa3d4a81555fe64968d79042563a7dc02029c00b12dcbd427b5156a9920dee31a,1749774994171,HYPE,Buy,13.1,0xffffffffffffffffffffffffffffffffffffffff,0x7be1cba648ebe1ab8084244d23f28d68a86480d8,38.1
SPOT,0x59c3fe2d94837a891be6042563a7da020495009be0cf0780a32ec526372f23c8,1749774993906,HYPE,Buy,6.98,0xffffffffffffffffffffffffffffffffffffffff,0x7be1cba648ebe1ab8084244d23f28d68a86480d8,38.1
SPOT,0x48e020226e6e393bbbba042563a7da02046400080783415f7893727a474580ee,1749774993906,HYPE,Buy,360,0xffffffffffffffffffffffffffffffffffffffff,0x7be1cba648ebe1ab8084244d23f28d68a86480d8,38.1
SPOT,0xce4d737bc598e4a27d1f042563a7d60201320028b02171b3de7b3b86d870c5c7,1749774993578,HYPE,Buy,74.37,0xffffffffffffffffffffffffffffffffffffffff,0x7be1cba648ebe1ab8084244d23f28d68a86480d8,38.1
SPOT,0x92a86fbf4584684540ba042563a7d6020131007e95d48613b778354433101a9d,1749774993578,HYPE,Buy,81.96,0xffffffffffffffffffffffffffffffffffffffff,0x7be1cba648ebe1ab8084244d23f28d68a86480d8,38.1
SPOT,0x9742951930555f38f6cf042563a7d602012f0012d73accd37ef852969eb24db2,1749774993578,HYPE,Buy,44.26,0xffffffffffffffffffffffffffffffffffffffff,0x7be1cba648ebe1ab8084244d23f28d68a86480d8,38.1
SPOT,0x6ad18fac8ef96780318f042563a7d602012e00d147bb460ae84d007a9c1eabf0,1749774993578,HYPE,Buy,40,0xffffffffffffffffffffffffffffffffffffffff,0x7be1cba648ebe1ab8084244d23f28d68a86480d8,38.1
SPOT,0x55ac2414470f2f8b9c52042563a7d602012d00107a4967d878e7e097fcecf942,1749774993578,HYPE,Buy,29.23,0xffffffffffffffffffffffffffffffffffffffff,0x7be1cba648ebe1ab8084244d23f28d68a86480d8,38.1
SPOT,0x1436dc6b7d61a9d4f1ce042563a7d502014900833c5bee5bbbe3e96cc57704b5,1749774993503,HYPE,Buy,2.66,0xffffffffffffffffffffffffffffffffffffffff,0x7be1cba648ebe1ab8084244d23f28d68a86480d8,38.1
SPOT,0x03d830d91d59d15b60a9042563a7d5020145008fb10f5ca044d632570b4f85e3,1749774993503,HYPE,Buy,13.1,0xffffffffffffffffffffffffffffffffffffffff,0x7be1cba648ebe1ab8084244d23f28d68a86480d8,38.1
SPOT,0x2571527798063b1e9ed1042563a7d2020347005af3a53d25ed4add55a4fe8d07,1749774993286,HYPE,Buy,6.34,0xffffffffffffffffffffffffffffffffffffffff,0x7be1cba648ebe1ab8084244d23f28d68a86480d8,38.1
SPOT,0x333ae7733ed3541f442a042563a7d102039400da5ad8c9ceac2991172de0a060,1749774993184,HYPE,Buy,13.1,0xffffffffffffffffffffffffffffffffffffffff,0x7be1cba648ebe1ab8084244d23f28d68a86480d8,38.1
SPOT,0xf9fa811a24c23557ef35042563a7cf0205d60023545fae1da4931840ba0968f4,1749774993017,HYPE,Buy,8,0xffffffffffffffffffffffffffffffffffffffff,0x7be1cba648ebe1ab8084244d23f28d68a86480d8,38.1
SPOT,0x3b4838e69c9a35954ef0042563a7cd02021f005699b7e30557fcf373930a3194,1749774992885,HYPE,Buy,33.55,0xffffffffffffffffffffffffffffffffffffffff,0x7be1cba648ebe1ab8084244d23f28d68a86480d8,38.1
SPOT,0x7e3604ebda13f97a4109042563a7cd02021d001528031aac80136eb432364a30,1749774992885,HYPE,Buy,6.06,0xffffffffffffffffffffffffffffffffffffffff,0x7be1cba648ebe1ab8084244d23f28d68a86480d8,38.1
SPOT,0x7838409317dfce57fc61042563a7cd02021c00995b2de5c7490fa29bdde0fd7e,1749774992885,HYPE,Buy,62.44,0xffffffffffffffffffffffffffffffffffffffff,0x7be1cba648ebe1ab8084244d23f28d68a86480d8,38.1
SPOT,0x1a8be1305bd9800b7eef042563a7c8020823008869b96a8c9cc94e8167ab03fd,1749774992506,HYPE,Buy,54.19,0xffffffffffffffffffffffffffffffffffffffff,0x7be1cba648ebe1ab8084244d23f28d68a86480d8,38.1
SPOT,0xcad2546b4a0aed1f5394042563a7c80208210047e8d03b4b22b3a4a1650c932c,1749774992506,HYPE,Buy,10,0xffffffffffffffffffffffffffffffffffffffff,0x7be1cba648ebe1ab8084244d23f28d68a86480d8,38.1
SPOT,0xfab54cfa24a188a96fac042563a7c802082000c08adcba9d6d1a7c2eba6cc24b,1749774992506,HYPE,Buy,16.21,0xffffffffffffffffffffffffffffffffffffffff,0x7be1cba648ebe1ab8084244d23f28d68a86480d8,38.1
SPOT,0x103c6d1b2d8d5f9df9e9042563a7c802081b00d8549e550dc6b3a52d01ef1b37,1749774992506,HYPE,Buy,18.38,0xffffffffffffffffffffffffffffffffffffffff,0x7be1cba648ebe1ab8084244d23f28d68a86480d8,38.1
SPOT,0xf11328979c5d0c1dab78042563a7c701f30053e060e288729e5bedf8529507f0,1749774992455,HYPE,Buy,9.17,0xffffffffffffffffffffffffffffffffffffffff,0x7be1cba648ebe1ab8084244d23f28d68a86480d8,38.1
SPOT,0x728789a1dda48c92481d042563a7c701f20076164225e291a47b9bdc3ccc25a3,1749774992455,HYPE,Buy,11.34,0xffffffffffffffffffffffffffffffffffffffff,0x7be1cba648ebe1ab8084244d23f28d68a86480d8,38.1
SPOT,0x26dcb8b7cd29c75b434b042563a7c30207bd002e61cc72a329a3dc0b68b80972,1749774992039,HYPE,Buy,4.08,0xffffffffffffffffffffffffffffffffffffffff,0x7be1cba648ebe1ab8084244d23f28d68a86480d8,38.1
SPOT,0xc3f1ffbbf5fd79edc975042563a7c10202fd0051b3905b74874199ffaecda362,1749774991955,HYPE,Buy,13.1,0xffffffffffffffffffffffffffffffffffffffff,0x7be1cba648ebe1ab8084244d23f28d68a86480d8,38.1
SPOT,0x5fbbe7d85613dc7920cf042563a7c10202fb0080dfdc83dda02e11cb53f6cbe5,1749774991955,HYPE,Buy,10.6,0xffffffffffffffffffffffffffffffffffffffff,0x7be1cba648ebe1ab8084244d23f28d68a86480d8,38.1
SPOT,0xf913ff1d2ef4a5dbe387042563a7bf02074900e619b88ed08faa88bf4d414625,1749774991819,HYPE,Buy,1.38,0xffffffffffffffffffffffffffffffffffffffff,0x7be1cba648ebe1ab8084244d23f28d68a86480d8,38.1
SPOT,0xa519646a4e6f498fdf45042563a7bf0206e80069176d6f924c5bef8013e2cf8f,1749774991819,HYPE,Buy,6.42,0xffffffffffffffffffffffffffffffffffffffff,0x7be1cba648ebe1ab8084244d23f28d68a86480d8,38.1
SPOT,0xfe26f7c612d59a31c24a042563a7bc020467005b85ce874843b88083862ff014,1749774991590,HYPE,Buy,27.88,0xffffffffffffffffffffffffffffffffffffffff,0x7be1cba648ebe1ab8084244d23f28d68a86480d8,38.1
SPOT,0x97224445f42865ee65ce042563a7bc02046600a1758a54cc2fe0900d278b220e,1749774991590,HYPE,Buy,46.14,0xffffffffffffffffffffffffffffffffffffffff,0x7be1cba648ebe1ab8084244d23f28d68a86480d8,38.1
SPOT,0x6bdb763e412c52a0a148042563a7bc020461004c93a8d37933bd9e92d0ec1ad1,1749774991590,HYPE,Buy,26.57,0xffffffffffffffffffffffffffffffffffffffff,0x7be1cba648ebe1ab8084244d23f28d68a86480d8,38.1
SPOT,0x06bf86bc25fa750e9f60042563a7b80207120062fd144e2472778711f1eb7d30,1749774991300,HYPE,Buy,66.55,0xffffffffffffffffffffffffffffffffffffffff,0x7be1cba648ebe1ab8084244d23f28d68a86480d8,38.1
SPOT,0xd51b255ffe09c960c8c7042563a7b802071100c186c96901423903da98e620ec,1749774991300,HYPE,Buy,1,0xffffffffffffffffffffffffffffffffffffffff,0x7be1cba648ebe1ab8084244d23f28d68a86480d8,38.1
SPOT,0xcf5407fbc01ec7520f65042563a7b80206b2000a47994aecb2d67693297aaea8,1749774991300,HYPE,Buy,13.1,0xffffffffffffffffffffffffffffffffffffffff,0x7be1cba648ebe1ab8084244d23f28d68a86480d8,38.1
SPOT,0x2b00742c337bff26f6f6042563a7b80206b100f7eca78f35262c1f288bf2b8b1,1749774991300,HYPE,Buy,10,0xffffffffffffffffffffffffffffffffffffffff,0x7be1cba648ebe1ab8084244d23f28d68a86480d8,38.1
SPOT,0x3761a7e43f8dfe8ceeee042563a7b80206b00060bd7a83fb4514289913de6d23,1749774991300,HYPE,Buy,14.48,0xffffffffffffffffffffffffffffffffffffffff,0x7be1cba648ebe1ab8084244d23f28d68a86480d8,38.1
SPOT,0x3241c2dd715a4f58950d042563a7b7020451003aca924ca665cc640921dbc6d6,1749774991247,HYPE,Buy,67.1,0xffffffffffffffffffffffffffffffffffffffff,0x7be1cba648ebe1ab8084244d23f28d68a86480d8,38.1
SPOT,0xb98fe4cecd59f65565bd042563a7b60203c800ccf9b358fc1fc0d99aa708da63,1749774991112,HYPE,Buy,30.77,0xffffffffffffffffffffffffffffffffffffffff,0x7be1cba648ebe1ab8084244d23f28d68a86480d8,38.1
SPOT,0x218b09dc93df7d37cdd3042563a7b60203c500f7dafa874741e14547b997113e,1749774991112,HYPE,Buy,20.81,0xffffffffffffffffffffffffffffffffffffffff,0x7be1cba648ebe1ab8084244d23f28d68a86480d8,38.1
SPOT,0xf84495ef8dac4de7793e042563a7b502086900bcd04a05681424ae7fba96f661,1749774990919,HYPE,Buy,1,0xffffffffffffffffffffffffffffffffffffffff,0x7be1cba648ebe1ab8084244d23f28d68a86480d8,38.1
SPOT,0x80e9ee8d82004a07043d042563a7b5020865007a6a8f70aca1fa50118320d27c,1749774990919,HYPE,Buy,27.69,0xffffffffffffffffffffffffffffffffffffffff,0x7be1cba648ebe1ab8084244d23f28d68a86480d8,38.1
SPOT,0x8f8975de66bc4db8d4d8042563a7b402040c0064211761fdfb7d58e6034b10a1,1749774990861,HYPE,Buy,479.62,0xffffffffffffffffffffffffffffffffffffffff,0x7be1cba648ebe1ab8084244d23f28d68a86480d8,38.1
SPOT,0x60b9ea87903b0979308e042563a7b402040a00db80ffac3936ee9029e717437f,1749774990861,HYPE,Buy,0.33,0xffffffffffffffffffffffffffffffffffffffff,0x7be1cba648ebe1ab8084244d23f28d68a86480d8,38.1
SPOT,0x82765b248c8553996006042563a7b402040900686b38859117a097a4cc7c401e,1749774990861,HYPE,Buy,27.69,0xffffffffffffffffffffffffffffffffffffffff,0x7be1cba648ebe1ab8084244d23f28d68a86480d8,38.1
SPOT,0x51c2dcc9812c18babe4b042563a7b40204080047d50be341cc98ba18dc7ddc15,1749774990861,HYPE,Buy,26.2,0xffffffffffffffffffffffffffffffffffffffff,0x7be1cba648ebe1ab8084244d23f28d68a86480d8,38.1
SPOT,0x0b089c15c4d826f0bf84042563a7b30208d90078c5dd4f72e8907dc895752704,1749774990764,HYPE,Buy,20.73,0xffffffffffffffffffffffffffffffffffffffff,0x7be1cba648ebe1ab8084244d23f28d68a86480d8,38.1
SPOT,0x0c95c6450be99b41a6b2042563a7b20203550015b96344774def4e14ac17db9c,1749774990687,HYPE,Buy,120,0xffffffffffffffffffffffffffffffffffffffff,0x7be1cba648ebe1ab8084244d23f28d68a86480d8,38.1
SPOT,0xea2ad9e6385cae718238042563a7b202035400d076cc29ede47765c8edb1f526,1749774990687,HYPE,Buy,150.69,0xffffffffffffffffffffffffffffffffffffffff,0x7be1cba648ebe1ab8084244d23f28d68a86480d8,38.1
SPOT,0xc186266d0b225ff4fca4042563a7b202035300ff9ca2dd38d565f2bf1d2cc671,1749774990687,HYPE,Buy,83.05,0xffffffffffffffffffffffffffffffffffffffff,0x7be1cba648ebe1ab8084244d23f28d68a86480d8,38.1
SPOT,0xed779ab6e1a8955bfb77042563a7af0202b7006b5d1f7627a374c4c9fd1836c7,1749774990478,HYPE,Buy,26.74,0xffffffffffffffffffffffffffffffffffffffff,0x7be1cba648ebe1ab8084244d23f28d68a86480d8,38.1
SPOT,0xc781e8f485e78fa1f23f042563a7af0202b600f23d2be270a72c90254c4a63a8,1749774990478,HYPE,Buy,19.55,0xffffffffffffffffffffffffffffffffffffffff,0x7be1cba648ebe1ab8084244d23f28d68a86480d8,38.1
SPOT,0x91d1433f5a20175020a2042563a7ae0205c500c38cff1a440793f2232f720669,1749774990382,HYPE,Buy,26.2,0xffffffffffffffffffffffffffffffffffffffff,0x7be1cba648ebe1ab8084244d23f28d68a86480d8,38.1
SPOT,0x9836d37267b25d2ea50e042563a7ae0205c400dc2f1cf911710db012f6911ea6,1749774990382,HYPE,Buy,10,0xffffffffffffffffffffffffffffffffffffffff,0x7be1cba648ebe1ab8084244d23f28d68a86480d8,38.1
SPOT,0x3f44039a67ba178f992d042563a7ab02021100b27bd53ded90b739f7d936ddb2,1749774990140,HYPE,Buy,23,0xffffffffffffffffffffffffffffffffffffffff,0x7be1cba648ebe1ab8084244d23f28d68a86480d8,38.1
SPOT,0xeafe2b9cd12ba23a244f042563a7ab02021000e42915b50c48d5b2e69d9e3df5,1749774990140,HYPE,Buy,95.36,0xffffffffffffffffffffffffffffffffffffffff,0x7be1cba648ebe1ab8084244d23f28d68a86480d8,38.1
SPOT,0x444ad1e4906eb6017756042563a7ab02020f00f04996b8c17790dbb7b39fe9ed,1749774990140,HYPE,Buy,55.15,0xffffffffffffffffffffffffffffffffffffffff,0x7be1cba648ebe1ab8084244d23f28d68a86480d8,38.1
SPOT,0x9d6f483f89586487a15c042563a7ab02020e00c1d27d5a190015be0ede34c4cb,1749774990140,HYPE,Buy,69.53,0xffffffffffffffffffffffffffffffffffffffff,0x7be1cba648ebe1ab8084244d23f28d68a86480d8,38.1
SPOT,0x413bce1afd81541d1a5d042563a7a90204620090737117d65fd2009de45dfa7d,1749774990012,HYPE,Buy,36.48,0xffffffffffffffffffffffffffffffffffffffff,0x7be1cba648ebe1ab8084244d23f28d68a86480d8,38.1
SPOT,0x8ae3d5263e0d10350941042563a7a8020c4e00f629e4ab76b9bde00dbb1491b4,1749774989924,HYPE,Buy,27.69,0xffffffffffffffffffffffffffffffffffffffff,0x7be1cba648ebe1ab8084244d23f28d68a86480d8,38.1
SPOT,0x81c49ef5ad5fcaadab31042563a7a8020c1d00ea86413dc3af3e4c0eb5b08f8f,1749774989924,HYPE,Buy,26.2,0xffffffffffffffffffffffffffffffffffffffff,0x7be1cba648ebe1ab8084244d23f28d68a86480d8,38.1
SPOT,0xcca9ec0033e794d1d6a5042563a7a60209d600ce18b3b34c43f371cb3ba8b763,1749774989735,HYPE,Buy,1,0xffffffffffffffffffffffffffffffffffffffff,0x7be1cba648ebe1ab8084244d23f28d68a86480d8,38.1
SPOT,0x3e7ecc555b1eb4a53da4042563a7a602082f0062aa8c7da1a4dce910c761b75e,1749774989735,HYPE,Buy,1.98,0xffffffffffffffffffffffffffffffffffffffff,0x7be1cba648ebe1ab8084244d23f28d68a86480d8,38.1
SPOT,0x4ae979eee41b0894adb5042563a7a4020352008925c1d277ecf5b9699e50f458,1749774989532,HYPE,Buy,2.94,0xffffffffffffffffffffffffffffffffffffffff,0x7be1cba648ebe1ab8084244d23f28d68a86480d8,38.1
SPOT,0x99dad478fb4abd085a47042563a7a10209ae004bd3ef2e8ab78baa3eca4a91c6,1749774989318,HYPE,Buy,1070.95,0xffffffffffffffffffffffffffffffffffffffff,0x7be1cba648ebe1ab8084244d23f28d68a86480d8,38.1
SPOT,0x752905359ed8df50f9b4042563a7a102085d00da2ce11a138e748646b077cd61,1749774989318,HYPE,Buy,2.45,0xffffffffffffffffffffffffffffffffffffffff,0x7be1cba648ebe1ab8084244d23f28d68a86480d8,38.1
SPOT,0x838ab1eed646c0560676042563a7a002020000df33f0664879697bb373c9775a,1749774989207,HYPE,Buy,3.27,0xffffffffffffffffffffffffffffffffffffffff,0x7be1cba648ebe1ab8084244d23f28d68a86480d8,38.1
SPOT,0x94b2bdef64c44d7b4080042563a7a00201ff0087c94cabd5746cbe937c5cfe55,1749774989207,HYPE,Buy,74.71,0xffffffffffffffffffffffffffffffffffffffff,0x7be1cba648ebe1ab8084244d23f28d68a86480d8,38.1
SPOT,0x6477fc7085ea030989a1042563a79f0203cc00dc58d056e0f7239040686bca6c,1749774989137,HYPE,Buy,4.4,0xffffffffffffffffffffffffffffffffffffffff,0x7be1cba648ebe1ab8084244d23f28d68a86480d8,38.1
SPOT,0x7cbf24f2c11297d165ba042563a79f0203cb006fca95bc38363236f2f95d5385,1749774989137,HYPE,Buy,1,0xffffffffffffffffffffffffffffffffffffffff,0x7be1cba648ebe1ab8084244d23f28d68a86480d8,38.1
SPOT,0x7edbd0b5bb71851b0e48042563a79f0203ca0090303770ab447e7105e3990fc8,1749774989137,HYPE,Buy,174.94,0xffffffffffffffffffffffffffffffffffffffff,0x7be1cba648ebe1ab8084244d23f28d68a86480d8,38.1
SPOT,0x82633fee08f6b3e948bd042563a79f0203c900575d9acc4c404454ef900b6395,1749774989137,HYPE,Buy,113.16,0xffffffffffffffffffffffffffffffffffffffff,0x7be1cba648ebe1ab8084244d23f28d68a86480d8,38.1
SPOT,0xc9053073ebbf4e2ceeb1042563a79f0203c8003102bacbcb3bfa418eaf304b93,1749774989137,HYPE,Buy,85.49,0xffffffffffffffffffffffffffffffffffffffff,0x7be1cba648ebe1ab8084244d23f28d68a86480d8,38.1
SPOT,0x1cfbc02d46c36c0815ff042563a79f0203c7005553c28a94381c08e353c12ef2,1749774989137,HYPE,Buy,13.1,0xffffffffffffffffffffffffffffffffffffffff,0x7be1cba648ebe1ab8084244d23f28d68a86480d8,38.1
SPOT,0x1406d9beedb059d1a1cd042563a79e0205d9008be5ca5cd262e1d0222a04fe14,1749774989021,HYPE,Buy,6.03,0xffffffffffffffffffffffffffffffffffffffff,0x7be1cba648ebe1ab8084244d23f28d68a86480d8,38.1
SPOT,0xc0f67225c7479b44eac7042563a79e0205d4008665c86df163317907e4656f52,1749774989021,HYPE,Buy,6.12,0xffffffffffffffffffffffffffffffffffffffff,0x7be1cba648ebe1ab8084244d23f28d68a86480d8,38.1
SPOT,0x41719c6c2c3192a5d394042563a79e0205d200f8e8bd13834dbbfbaf80a59f0b,1749774989021,HYPE,Buy,4.2,0xffffffffffffffffffffffffffffffffffffffff,0x7be1cba648ebe1ab8084244d23f28d68a86480d8,38.1
SPOT,0xdba3044cfe72a82e5089042563a79c0205db004b4702e2e8363f597015efdb7f,1749774988823,HYPE,Buy,7.11,0xffffffffffffffffffffffffffffffffffffffff,0x7be1cba648ebe1ab8084244d23f28d68a86480d8,38.1
SPOT,0x96b5f15ffbf3d16138ba042563a79c0205da005e63f751559437deb96cc1e1f3,1749774988823,HYPE,Buy,10,0xffffffffffffffffffffffffffffffffffffffff,0x7be1cba648ebe1ab8084244d23f28d68a86480d8,38.1
SPOT,0x28e9800f0628d049ddc2042563a79c0205d9005544e21a0ea3909c48311472cc,1749774988823,HYPE,Buy,2.93,0xffffffffffffffffffffffffffffffffffffffff,0x7be1cba648ebe1ab8084244d23f28d68a86480d8,38.1
SPOT,0x1acf590bc03b359dc0b6042563a7990205d9009118ee23e53321f265ed0ecfe1,1749774988591,HYPE,Buy,18.04,0xffffffffffffffffffffffffffffffffffffffff,0x7be1cba648ebe1ab8084244d23f28d68a86480d8,38.1
SPOT,0xe30b5b141908f39677ca042563a7990205d6005ead934e56627fdf772caea469,1749774988591,HYPE,Buy,8.39,0xffffffffffffffffffffffffffffffffffffffff,0x7be1cba648ebe1ab8084244d23f28d68a86480d8,38.1
SPOT,0x021a183dbbcff57586f3042563a7990205d40101f6876a1742b0ed335309fbd5,1749774988591,HYPE,Buy,286.51,0xffffffffffffffffffffffffffffffffffffffff,0x7be1cba648ebe1ab8084244d23f28d68a86480d8,38.1
SPOT,0x771fe6fd803b30bda8c6042563a7990205d40092e3f064111e0d8c4f013ef116,1749774988591,HYPE,Buy,292.8,0xffffffffffffffffffffffffffffffffffffffff,0x7be1cba648ebe1ab8084244d23f28d68a86480d8,38.1
SPOT,0x5358374dcf83323848fe042563a7990205d200ff86e2ae8c96088dfedb7de1e4,1749774988591,HYPE,Buy,22.01,0xffffffffffffffffffffffffffffffffffffffff,0x7be1cba648ebe1ab8084244d23f28d68a86480d8,38.1
SPOT,0x4bba8421aba293f91852042563a7990205d0001f4651801d6c8ef8a0f55d1535,1749774988591,HYPE,Buy,4.64,0xffffffffffffffffffffffffffffffffffffffff,0x7be1cba648ebe1ab8084244d23f28d68a86480d8,38.1
SPOT,0x2f8a9586b7fec69cb983042563a798020710008545a0d00250f71f76b9a35cf7,1749774988567,HYPE,Buy,18.72,0xffffffffffffffffffffffffffffffffffffffff,0x7be1cba648ebe1ab8084244d23f28d68a86480d8,38.1
SPOT,0x6416060a275441d4d012042563a79802070f008b7c762b8a27e4dc09fe15e649,1749774988567,HYPE,Buy,19.87,0xffffffffffffffffffffffffffffffffffffffff,0x7be1cba648ebe1ab8084244d23f28d68a86480d8,38.1
SPOT,0x6d1808bfac497ff8a785042563a794020b8200b25624128a0368ed0d46115c7a,1749774988178,HYPE,Buy,806.07,0xffffffffffffffffffffffffffffffffffffffff,0x7be1cba648ebe1ab8084244d23f28d68a86480d8,38.1
SPOT,0xb3cde8c6579f15d0bd36042563a794020b39000cf57bbcff2d4397033a406237,1749774988178,HYPE,Buy,120,0xffffffffffffffffffffffffffffffffffffffff,0x7be1cba648ebe1ab8084244d23f28d68a86480d8,38.1
SPOT,0xd3473a411247ac2265d8042563a7920208230032a809ad33ee3b67f514c2c7b4,1749774987995,HYPE,Buy,26.2,0xffffffffffffffffffffffffffffffffffffffff,0x7be1cba648ebe1ab8084244d23f28d68a86480d8,38.1
SPOT,0xc8a7dd39a958608d8140042563a78f020420009486a5d762347b58435179f834,1749774987685,HYPE,Buy,14.71,0xffffffffffffffffffffffffffffffffffffffff,0x7be1cba648ebe1ab8084244d23f28d68a86480d8,38.1
SPOT,0xb63aee47211ebc57ffeb042563a78e02053800c0c7808bd47890a66116f2d7bb,1749774987594,HYPE,Buy,24.03,0xffffffffffffffffffffffffffffffffffffffff,0x7be1cba648ebe1ab8084244d23f28d68a86480d8,38.1
SPOT,0x25345b2e90624af887b8042563a78b02041900f5329efa55bc55d02f23d0cf9c,1749774987317,HYPE,Buy,13.1,0xffffffffffffffffffffffffffffffffffffffff,0x7be1cba648ebe1ab8084244d23f28d68a86480d8,38.1
SPOT,0xd9e76a0eeccc67beff14042563a78b02041600567efa8f89930f129c9efd8d38,1749774987317,HYPE,Buy,37.16,0xffffffffffffffffffffffffffffffffffffffff,0x7be1cba648ebe1ab8084244d23f28d68a86480d8,38.1
SPOT,0x096a7cf31d76b71c6e99042563a78b020411004830e5a0568cfec6eca635b417,1749774987317,HYPE,Buy,1,0xffffffffffffffffffffffffffffffffffffffff,0x7be1cba648ebe1ab8084244d23f28d68a86480d8,38.1
SPOT,0x7bc6835f8b49241ac6be042563a78b0203cc0029eb9924fafdaf98b283d9b7fc,1749774987317,HYPE,Buy,27.69,0xffffffffffffffffffffffffffffffffffffffff,0x7be1cba648ebe1ab8084244d23f28d68a86480d8,38.1
SPOT,0x6fbafd6becc84a29b3f3042563a78b0203c900bb3ce4165c4d56cd3f3fe11bfb,1749774987317,HYPE,Buy,120,0xffffffffffffffffffffffffffffffffffffffff,0x7be1cba648ebe1ab8084244d23f28d68a86480d8,38.1
SPOT,0xdf08e7e2b6facf9e2d7b042563a7890203ea0027176ecef3b47da2a0bf41dc86,1749774987199,HYPE,Buy,1,0xffffffffffffffffffffffffffffffffffffffff,0x7be1cba648ebe1ab8084244d23f28d68a86480d8,38.1
SPOT,0x8704957ea1a4003e69c6042563a7890203b700df8753b01551071ebba815c9db,1749774987199,HYPE,Buy,13.97,0xffffffffffffffffffffffffffffffffffffffff,0x7be1cba648ebe1ab8084244d23f28d68a86480d8,38.1
SPOT,0xfc5788441768a30f4fde042563a78602059500ed8474c876e15abf4e23fccd41,1749774986855,HYPE,Buy,38.46,0xffffffffffffffffffffffffffffffffffffffff,0x7be1cba648ebe1ab8084244d23f28d68a86480d8,38.1
SPOT,0x353db9a9c49bdd49ebd4042563a78602059200dc7e49112b25a8db3326a0269d,1749774986855,HYPE,Buy,963.71,0xffffffffffffffffffffffffffffffffffffffff,0x7be1cba648ebe1ab8084244d23f28d68a86480d8,38.1
SPOT,0xe5468e636ed34e2db2c4042563a78602059100048d02f3905787d00c357e176a,1749774986855,HYPE,Buy,620.09,0xffffffffffffffffffffffffffffffffffffffff,0x7be1cba648ebe1ab8084244d23f28d68a86480d8,38.1
SPOT,0x5dd8df94c4bb0c0d791c042563a78602059000817aaeda77f1e75373e068dc4f,1749774986855,HYPE,Buy,200,0xffffffffffffffffffffffffffffffffffffffff,0x7be1cba648ebe1ab8084244d23f28d68a86480d8,38.1
SPOT,0xaa4bd44e8c72c4822917042563a78602058f001cbc752f72499509be8e77b40f,1749774986855,HYPE,Buy,33.85,0xffffffffffffffffffffffffffffffffffffffff,0x7be1cba648ebe1ab8084244d23f28d68a86480d8,38.1
SPOT,0x0f8a613fe30ed244d445042563a78402049200e8e771c49e05b1c7857136ca71,1749774986690,HYPE,Buy,128.1,0xffffffffffffffffffffffffffffffffffffffff,0x7be1cba648ebe1ab8084244d23f28d68a86480d8,38.1
SPOT,0x46d15963701b2526206a042563a78402049100e28dfccba149163b897779e889,1749774986690,HYPE,Buy,345.09,0xffffffffffffffffffffffffffffffffffffffff,0x7be1cba648ebe1ab8084244d23f28d68a86480d8,38.1
SPOT,0x6d8abb0803e418951eec042563a78402049000d33dde7a5337c54e0963cd8c30,1749774986690,HYPE,Buy,13.1,0xffffffffffffffffffffffffffffffffffffffff,0x7be1cba648ebe1ab8084244d23f28d68a86480d8,38.1
SPOT,0xbd47c88d7901f20f113d042563a78402048d009d2308ab8abb58f0a37b2560da,1749774986690,HYPE,Buy,31.12,0xffffffffffffffffffffffffffffffffffffffff,0x7be1cba648ebe1ab8084244d23f28d68a86480d8,38.1
SPOT,0xa199d085fa97d1945a9b042563a78402048a008bad0b81c74b1bf247ecb2ef4f,1749774986690,HYPE,Buy,360,0xffffffffffffffffffffffffffffffffffffffff,0x7be1cba648ebe1ab8084244d23f28d68a86480d8,38.1
SPOT,0xe6ab0ec1f2ab561a3503042563a78102039700154b39fd6467c5d3daed8b5c81,1749774986479,HYPE,Buy,29.23,0xffffffffffffffffffffffffffffffffffffffff,0x7be1cba648ebe1ab8084244d23f28d68a86480d8,38.1
SPOT,0x30e36c2427f936a604e1042563a77e0207bc008671b41e216a436504f691c471,1749774986276,HYPE,Buy,13.1,0xffffffffffffffffffffffffffffffffffffffff,0x7be1cba648ebe1ab8084244d23f28d68a86480d8,38.1
SPOT,0x7bd40bf23e4d3baaea64042563a77e0207ba007e61c080470c7f3b165e6d053c,1749774986276,HYPE,Buy,10,0xffffffffffffffffffffffffffffffffffffffff,0x7be1cba648ebe1ab8084244d23f28d68a86480d8,38.1
SPOT,0xd9a08d1d16545f96ccf9042563a77e02079000150ee5d936ba441e19e8535e9a,1749774986276,HYPE,Buy,2.63,0xffffffffffffffffffffffffffffffffffffffff,0x7be1cba648ebe1ab8084244d23f28d68a86480d8,38.1
SPOT,0x7eee3279b4e77056e350042563a77602075200ece755c7f45b7274b832a1b143,1749774985666,HYPE,Buy,13.1,0xffffffffffffffffffffffffffffffffffffffff,0x7be1cba648ebe1ab8084244d23f28d68a86480d8,38.1
SPOT,0x62f552bcd265c314625f042563a77201ad008633c05bbfd5a93f595d4cd3cecc,1749774985277,HYPE,Buy,13.1,0xffffffffffffffffffffffffffffffffffffffff,0x7be1cba648ebe1ab8084244d23f28d68a86480d8,38.1
SPOT,0x15e696fdc66e2a9237cd042563a76f0205df001e1cb709d74467012926031888,1749774985160,HYPE,Buy,3.5,0xffffffffffffffffffffffffffffffffffffffff,0x7be1cba648ebe1ab8084244d23f28d68a86480d8,38.1
SPOT,0xa8df954d08b854c1bf19042563a76d020846005dce18c40bb06fd8bfe34df7f9,1749774984945,HYPE,Buy,10,0xffffffffffffffffffffffffffffffffffffffff,0x7be1cba648ebe1ab8084244d23f28d68a86480d8,38.1
SPOT,0x93271ea5681357648dde042563a76c0204e400107ae01afaecc605f8e74cacad,1749774984825,HYPE,Buy,24.03,0xffffffffffffffffffffffffffffffffffffffff,0x7be1cba648ebe1ab8084244d23f28d68a86480d8,38.1
SPOT,0x233e20a2169a841685c6042563a76a0202e60053204e2404c1174247ea210aaa,1749774984623,HYPE,Buy,13.1,0xffffffffffffffffffffffffffffffffffffffff,0x7be1cba648ebe1ab8084244d23f28d68a86480d8,38.1
SPOT,0x9201731a61e917162657042563a7670202e40072fa6c678b0c0a516f30c87709,1749774984401,HYPE,Buy,238.79,0xffffffffffffffffffffffffffffffffffffffff,0x7be1cba648ebe1ab8084244d23f28d68a86480d8,38.1
SPOT,0x35f3beceaa9a84ecea9d042563a7630204b800171ac362d6e7a4666b1ebfe057,1749774983996,HYPE,Buy,262.48,0xffffffffffffffffffffffffffffffffffffffff,0x7be1cba648ebe1ab8084244d23f28d68a86480d8,38.1
SPOT,0x9be7636382f500b1aed8042563a7610203ba00bb3f800fab357eeef4f262dde9,1749774983824,HYPE,Buy,2.47,0xffffffffffffffffffffffffffffffffffffffff,0x7be1cba648ebe1ab8084244d23f28d68a86480d8,38.1
SPOT,0xc31640190c07af989f05042563a76002079100e5c730b6a3748d7f8c67ad2d07,1749774983801,HYPE,Buy,10,0xffffffffffffffffffffffffffffffffffffffff,0x7be1cba648ebe1ab8084244d23f28d68a86480d8,38.1
SPOT,0xae0088e45c9460e76612042563a76002076000e31228c1436a27590701a9eb3c,1749774983801,HYPE,Buy,30.84,0xffffffffffffffffffffffffffffffffffffffff,0x7be1cba648ebe1ab8084244d23f28d68a86480d8,38.1
SPOT,0x394628051433bbaf3526042563a75e020197008f6798383609f52a8d44dc341c,1749774983649,HYPE,Buy,41.13,0xffffffffffffffffffffffffffffffffffffffff,0x7be1cba648ebe1ab8084244d23f28d68a86480d8,38.1
SPOT,0xcd0252923f6f0180b208042563a75d02029100f45863b0a18237f2ec6c4ec672,1749774983589,HYPE,Buy,334.11,0xffffffffffffffffffffffffffffffffffffffff,0x7be1cba648ebe1ab8084244d23f28d68a86480d8,38.1
SPOT,0x97e4074e71b10a348a4b042563a75d0202900010cf3ad0399fb2ce80ac6fe087,1749774983589,HYPE,Buy,30.63,0xffffffffffffffffffffffffffffffffffffffff,0x7be1cba648ebe1ab8084244d23f28d68a86480d8,38.1
SPOT,0xdd9f4a0983bb3a3dcd70042563a75a0203ed005035a2c2603dd94c075e70c930,1749774983373,HYPE,Buy,71.6,0xffffffffffffffffffffffffffffffffffffffff,0x7be1cba648ebe1ab8084244d23f28d68a86480d8,38.1
SPOT,0xe7e1787cebea9fcbbdef042563a75a0203c400003494176247471ecbcfb230a5,1749774983373,HYPE,Buy,31.39,0xffffffffffffffffffffffffffffffffffffffff,0x7be1cba648ebe1ab8084244d23f28d68a86480d8,38.1
SPOT,0x2c084c05593bbf141159042563a75a0203c300759bf59b19f34e029b5629c8f1,1749774983373,HYPE,Buy,2,0xffffffffffffffffffffffffffffffffffffffff,0x7be1cba648ebe1ab8084244d23f28d68a86480d8,38.1
SPOT,0x5ef0ac82028ca9bede32042563a7570203cf00781fdc82d1db58fcfa6e1ed973,1749774983005,HYPE,Buy,60.64,0xffffffffffffffffffffffffffffffffffffffff,0x7be1cba648ebe1ab8084244d23f28d68a86480d8,38.1
SPOT,0x29d422e70c3eae1a3d6e042563a7540208840070e4cd5911d470c6d22046be1a,1749774982901,HYPE,Buy,24.02,0xffffffffffffffffffffffffffffffffffffffff,0x7be1cba648ebe1ab8084244d23f28d68a86480d8,38.1
SPOT,0x5a65f0ff068ad9709bc2042563a751020302004abc36ec25b3b72086ae27b48e,1749774982657,HYPE,Buy,2,0xffffffffffffffffffffffffffffffffffffffff,0x7be1cba648ebe1ab8084244d23f28d68a86480d8,38.1
SPOT,0xb270e315be8d6900ce32042563a75102030100f1bee025182505a815bad12b11,1749774982657,HYPE,Buy,2,0xffffffffffffffffffffffffffffffffffffffff,0x7be1cba648ebe1ab8084244d23f28d68a86480d8,38.1
SPOT,0xbe268b470b893ff72da2042563a74f02084900160472fd9874f4845fe5362d27,1749774982470,HYPE,Buy,13.1,0xffffffffffffffffffffffffffffffffffffffff,0x7be1cba648ebe1ab8084244d23f28d68a86480d8,38.1
SPOT,0xcf1b52334377d28924c8042563a74f020846008539e1553a556dbf9bd47d0adf,1749774982470,HYPE,Buy,2,0xffffffffffffffffffffffffffffffffffffffff,0x7be1cba648ebe1ab8084244d23f28d68a86480d8,38.1
SPOT,0x7947d81fd42bc93d73ab042563a74a0205db001283ce4aaaf6f97036822533b3,1749774982099,HYPE,Buy,2.44,0xffffffffffffffffffffffffffffffffffffffff,0x7be1cba648ebe1ab8084244d23f28d68a86480d8,38.1
SPOT,0x7003934e446b12aadf2a042563a74902107a00509af32e27e1a43105345d8738,1749774982007,HYPE,Buy,2,0xffffffffffffffffffffffffffffffffffffffff,0x7be1cba648ebe1ab8084244d23f28d68a86480d8,38.1
SPOT,0x7d9362de4e0042885ffa042563a74902107900378e7052cb68925a7bd3113e7b,1749774982007,HYPE,Buy,13.1,0xffffffffffffffffffffffffffffffffffffffff,0x7be1cba648ebe1ab8084244d23f28d68a86480d8,38.1
SPOT,0x97791e8b5632bb73d13e042563a74902104400cdfa2454a5d677c623f982400e,1749774982007,HYPE,Buy,1238.34,0xffffffffffffffffffffffffffffffffffffffff,0x7be1cba648ebe1ab8084244d23f28d68a86480d8,38.1
SPOT,0xc3551cef45f9b866da85042563a74902101600dc6cab272abb647094b8ebb4dc,1749774982007,HYPE,Buy,66.31,0xffffffffffffffffffffffffffffffffffffffff,0x7be1cba648ebe1ab8084244d23f28d68a86480d8,38.1
SPOT,0x6ec740defc472df123cb042563a73d0205d800d8c52e55dcaf88fa7e392e1e0c,1749774981070,HYPE,Buy,2,0xffffffffffffffffffffffffffffffffffffffff,0x7be1cba648ebe1ab8084244d23f28d68a86480d8,38.1
SPOT,0x8077342bb78ea9f7e8a0042563a7390202be00521827aa01533c229cd2d8522d,1749774980774,HYPE,Buy,23.51,0xffffffffffffffffffffffffffffffffffffffff,0x7be1cba648ebe1ab8084244d23f28d68a86480d8,38.1
SPOT,0x8dc48d66fbb1f408c818042563a7350201b30053967d1cdce0cff9a9f86f2e40,1749774980517,HYPE,Buy,8.35,0xffffffffffffffffffffffffffffffffffffffff,0x7be1cba648ebe1ab8084244d23f28d68a86480d8,38.1
SPOT,0x815964a4b8b969ae8439042563a73002025300704875c9f513627dfc847a53e7,1749774980175,HYPE,Buy,13.1,0xffffffffffffffffffffffffffffffffffffffff,0x7be1cba648ebe1ab8084244d23f28d68a86480d8,38.1
SPOT,0x6fa42e4006aa06638e4d042563a727020429001c55ade35ef26fcd26419f6d85,1749774979504,HYPE,Buy,7.44,0xffffffffffffffffffffffffffffffffffffffff,0x7be1cba648ebe1ab8084244d23f28d68a86480d8,38.1
SPOT,0xbb58e7d5f41d7b56aa8c042563a72702042800f51a5545f5795b009d6289d755,1749774979504,HYPE,Buy,1276.56,0xffffffffffffffffffffffffffffffffffffffff,0x7be1cba648ebe1ab8084244d23f28d68a86480d8,38.1
SPOT,0x52eef503d7180c4049e6042563a726020b7700b26db60e3208adba5fcb3cf84b,1749774979416,HYPE,Buy,15.3,0xffffffffffffffffffffffffffffffffffffffff,0x7be1cba648ebe1ab8084244d23f28d68a86480d8,38.1
SPOT,0x2a2687d55cba5b375299042563a7230201ab00e6d2ef014ab99860ee2431ca8b,1749774979127,HYPE,Buy,10.33,0xffffffffffffffffffffffffffffffffffffffff,0x7be1cba648ebe1ab8084244d23f28d68a86480d8,38.1
SPOT,0x66d5b6a2832742faad39042563a72102070200c8b72606dd5dc1195dd8be63b2,1749774978927,HYPE,Buy,17.72,0xffffffffffffffffffffffffffffffffffffffff,0x7be1cba648ebe1ab8084244d23f28d68a86480d8,38.1
SPOT,0xf097276919b68412cf40042563a7210206e200734db50d6f0b8072ca6d26f13d,1749774978927,HYPE,Buy,30,0xffffffffffffffffffffffffffffffffffffffff,0x7be1cba648ebe1ab8084244d23f28d68a86480d8,38.1
SPOT,0xe2d7fc78a1a0581bdce8042563a71f02066b00e16250708b015ab101c648fa83,1749774978766,HYPE,Buy,18.65,0xffffffffffffffffffffffffffffffffffffffff,0x7be1cba648ebe1ab8084244d23f28d68a86480d8,38.1
SPOT,0x87d022eaa6922a760955042563a71a02064f00da1a071f69cf77a4303cbdcfe0,1749774978347,HYPE,Buy,9.22,0xffffffffffffffffffffffffffffffffffffffff,0x7be1cba648ebe1ab8084244d23f28d68a86480d8,38.1
SPOT,0x041073b70f7250248fcd042563a71602087100ce40f1ac63bb95e97752af9a4f,1749774978066,HYPE,Buy,9.54,0xffffffffffffffffffffffffffffffffffffffff,0x7be1cba648ebe1ab8084244d23f28d68a86480d8,38.1
SPOT,0xe73f0ece5a53584fa041042563a709020a0f001387523be2825532a126c48fbc,1749774977082,HYPE,Buy,120,0xffffffffffffffffffffffffffffffffffffffff,0x7be1cba648ebe1ab8084244d23f28d68a86480d8,38.1
SPOT,0xbfaea4617bdce7dfc9ec042563a709020a0c01014fc24b62d2c490cd4bcc66cb,1749774977082,HYPE,Buy,121.15,0xffffffffffffffffffffffffffffffffffffffff,0x7be1cba648ebe1ab8084244d23f28d68a86480d8,38.1
SPOT,0x65ef8caef5732a7b3df0042563a709020a0c00ebc7e607683a3f3e84324da808,1749774977082,HYPE,Buy,120.79,0xffffffffffffffffffffffffffffffffffffffff,0x7be1cba648ebe1ab8084244d23f28d68a86480d8,38.1
SPOT,0x24204f3f3d5ced61b88c042563a709020a0b0101d51f7da28ae10f6bbd64ccd5,1749774977082,HYPE,Buy,57.22,0xffffffffffffffffffffffffffffffffffffffff,0x7be1cba648ebe1ab8084244d23f28d68a86480d8,38.1
SPOT,0x92ed076e0edc1f514e06042563a709020a0b00755d91b7d0ac8b20c2ea324d6f,1749774977082,HYPE,Buy,67.34,0xffffffffffffffffffffffffffffffffffffffff,0x7be1cba648ebe1ab8084244d23f28d68a86480d8,38.1
SPOT,0x85bea3ed64f89c6c60b4042563a709020a0a00ea4bd8ed4eb30894951a77fa9f,1749774977082,HYPE,Buy,56.22,0xffffffffffffffffffffffffffffffffffffffff,0x7be1cba648ebe1ab8084244d23f28d68a86480d8,38.1
SPOT,0xdfe4fdf5421a54aae961042563a7090209e300aa009bc4834da8c54044081cca,1749774977082,HYPE,Buy,58.34,0xffffffffffffffffffffffffffffffffffffffff,0x7be1cba648ebe1ab8084244d23f28d68a86480d8,38.1
SPOT,0x1d50680b9d214ef8a47a042563a6e70205db000a3c428517b84b58beaa84b980,1749774974421,HYPE,Buy,369.06,0xffffffffffffffffffffffffffffffffffffffff,0x7be1cba648ebe1ab8084244d23f28d68a86480d8,38.1
SPOT,0x5809a31078f2b9fab845042563a2ec0205d5004b17ecff76f5735f01bda10476,1749774887586,HYPE,Buy,347.9,0xffffffffffffffffffffffffffffffffffffffff,0x7be1cba648ebe1ab8084244d23f28d68a86480d8,38.2
SPOT,0xf238ca3e34129df6788f042563a2e90205db00a0823c55fffb13568ea929bfe0,1749774887357,HYPE,Buy,5.95,0xffffffffffffffffffffffffffffffffffffffff,0x7be1cba648ebe1ab8084244d23f28d68a86480d8,38.2
SPOT,0xfa6d942095ee3742b476042563a2e802051d00917aa2de8b964f18df7a7be546,1749774887264,HYPE,Buy,10,0xffffffffffffffffffffffffffffffffffffffff,0x7be1cba648ebe1ab8084244d23f28d68a86480d8,38.2
SPOT,0xc3f6c20ad424f178bd00042563a2e802051b003fd17eae6b34142fe7d1fe2381,1749774887264,HYPE,Buy,120,0xffffffffffffffffffffffffffffffffffffffff,0x7be1cba648ebe1ab8084244d23f28d68a86480d8,38.2
SPOT,0xf7f5268dc341ad0445a4042563a2e802051900a102401721dac6aa9cdb9c8757,1749774887264,HYPE,Buy,360,0xffffffffffffffffffffffffffffffffffffffff,0x7be1cba648ebe1ab8084244d23f28d68a86480d8,38.2
SPOT,0xb6090765e0aef539ea82042563a2e80205170025dd911d67cfbb063dd5e4852d,1749774887264,HYPE,Buy,120,0xffffffffffffffffffffffffffffffffffffffff,0x7be1cba648ebe1ab8084244d23f28d68a86480d8,38.2
SPOT,0x71f8ce5638167b532629042563a2e70209e4008038693bed992ea5863411705a,1749774887096,HYPE,Buy,200,0xffffffffffffffffffffffffffffffffffffffff,0x7be1cba648ebe1ab8084244d23f28d68a86480d8,38.2
SPOT,0xe6852a452eca3cdc71e3042563a2e60204da00ae7670620803228103de9cb69e,1749774887026,HYPE,Buy,13.1,0xffffffffffffffffffffffffffffffffffffffff,0x7be1cba648ebe1ab8084244d23f28d68a86480d8,38.2
SPOT,0x4048d5d5cc9c9e553e4d042563a2e40209b600fb2bfbda483da41a5e695b140f,1749774886894,HYPE,Buy,5,0xffffffffffffffffffffffffffffffffffffffff,0x7be1cba648ebe1ab8084244d23f28d68a86480d8,38.2
SPOT,0x4bb31b5c422ad95d1847042563a2e40209b50077aa77af451109016f2da3cfc8,1749774886894,HYPE,Buy,5,0xffffffffffffffffffffffffffffffffffffffff,0x7be1cba648ebe1ab8084244d23f28d68a86480d8,38.2
SPOT,0x51296f4f7cfa447c032e042563a2e402098c00e419a127162fea1001e145664b,1749774886894,HYPE,Buy,5,0xffffffffffffffffffffffffffffffffffffffff,0x7be1cba648ebe1ab8084244d23f28d68a86480d8,38.2
SPOT,0x222882b86ea50c20a084042563a2e402098b0055faaed4c1345450710a71793a,1749774886894,HYPE,Buy,5,0xffffffffffffffffffffffffffffffffffffffff,0x7be1cba648ebe1ab8084244d23f28d68a86480d8,38.2
SPOT,0x37e1c6b21ec6bd536932042563a2e20201f800278dbaffcfb501762fb3fc75ea,1749774886690,HYPE,Buy,209.42,0xffffffffffffffffffffffffffffffffffffffff,0x7be1cba648ebe1ab8084244d23f28d68a86480d8,38.2
SPOT,0x5852b0b3e6826be236fb042563a2e10204e500050c6d995f42c8f98d533004b2,1749774886641,HYPE,Buy,57.83,0xffffffffffffffffffffffffffffffffffffffff,0x7be1cba648ebe1ab8084244d23f28d68a86480d8,38.2
SPOT,0xe38a943e883f9dcd03f8042563a2df020177006f7cc9c9cde3b5f086a0998c82,1749774886470,HYPE,Buy,5.96,0xffffffffffffffffffffffffffffffffffffffff,0x7be1cba648ebe1ab8084244d23f28d68a86480d8,38.2
SPOT,0xb27263373fd404844242042563a2df02017600c4fd07f5395534ce3ad11b7c2f,1749774886470,HYPE,Buy,13.1,0xffffffffffffffffffffffffffffffffffffffff,0x7be1cba648ebe1ab8084244d23f28d68a86480d8,38.2
SPOT,0x2c5145940991092ea1cd042563a2dd0204120070ffa384131a52a0e3517bb42c,1749774886352,HYPE,Buy,10,0xffffffffffffffffffffffffffffffffffffffff,0x7be1cba648ebe1ab8084244d23f28d68a86480d8,38.2
SPOT,0xe1568a47975ae2851856042563a2dc02058f00767a157615de4925f1e5274fa2,1749774886267,HYPE,Buy,10,0xffffffffffffffffffffffffffffffffffffffff,0x7be1cba648ebe1ab8084244d23f28d68a86480d8,38.2
SPOT,0x5c17de4af556190b88b0042563a2dc02058e005a11a71c802baa26d4c8004ae2,1749774886267,HYPE,Buy,10,0xffffffffffffffffffffffffffffffffffffffff,0x7be1cba648ebe1ab8084244d23f28d68a86480d8,38.2
SPOT,0x3ab8d987ebed2e604ccd042563a2dc02058d00e4d5888508bea59bdedfda42d8,1749774886267,HYPE,Buy,10,0xffffffffffffffffffffffffffffffffffffffff,0x7be1cba648ebe1ab8084244d23f28d68a86480d8,38.2
SPOT,0x8fd5d2473f829ce90570042563a2dc02056800de3542900a2de29beb79644771,1749774886267,HYPE,Buy,10,0xffffffffffffffffffffffffffffffffffffffff,0x7be1cba648ebe1ab8084244d23f28d68a86480d8,38.2
SPOT,0x4cdb5caefa464958c8d6042563a2da020405000ac916e1d2d7bb154dafc26e5d,1749774886050,HYPE,Buy,4.77,0xffffffffffffffffffffffffffffffffffffffff,0x7be1cba648ebe1ab8084244d23f28d68a86480d8,38.2
SPOT,0x0df0dd346d21f66514be042563a2d90205be00a42b60b1402a202521c2d4f12a,1749774885963,HYPE,Buy,22.22,0xffffffffffffffffffffffffffffffffffffffff,0x7be1cba648ebe1ab8084244d23f28d68a86480d8,38.2
SPOT,0x443ff84c8579b6905430042563a2d90205bd00f8d55194ffe0b95ebe0524dae6,1749774885963,HYPE,Buy,1,0xffffffffffffffffffffffffffffffffffffffff,0x7be1cba648ebe1ab8084244d23f28d68a86480d8,38.2
SPOT,0xd906878f9822d97cc130042563a2d802035800ab0091a3acebe798377a1dc211,1749774885827,HYPE,Buy,26.2,0xffffffffffffffffffffffffffffffffffffffff,0x7be1cba648ebe1ab8084244d23f28d68a86480d8,38.2
SPOT,0xb29c4b94ec0bdda2e4dc042563a2d7020dda00e5ce37010b959a62273f5fcf2a,1749774885663,HYPE,Buy,4.19,0xffffffffffffffffffffffffffffffffffffffff,0x7be1cba648ebe1ab8084244d23f28d68a86480d8,38.2
SPOT,0x950ddee76b7bb6101628042563a2d50207ba00d20873a725dd0851479c2af383,1749774885455,HYPE,Buy,4.27,0xffffffffffffffffffffffffffffffffffffffff,0x7be1cba648ebe1ab8084244d23f28d68a86480d8,38.2
SPOT,0xeed62eda10cbc832a607042563a2d502075a00cdd5539fc458a723acdc12dace,1749774885455,HYPE,Buy,78.53,0xffffffffffffffffffffffffffffffffffffffff,0x7be1cba648ebe1ab8084244d23f28d68a86480d8,38.2
SPOT,0x7fda866325e56c06a42b042563a2d50206f400b43b2ce73632364c0e6affc654,1749774885455,HYPE,Buy,239.33,0xffffffffffffffffffffffffffffffffffffffff,0x7be1cba648ebe1ab8084244d23f28d68a86480d8,38.2
SPOT,0x6f3d9e3e6a895255a946042563a2d50206f300c2c2b2f325cd027045049117d1,1749774885455,HYPE,Buy,26.2,0xffffffffffffffffffffffffffffffffffffffff,0x7be1cba648ebe1ab8084244d23f28d68a86480d8,38.2
SPOT,0xbed8a34fcf0f464ce4de042563a2d402014100ff6651f896510eb5aac5f78262,1749774885339,HYPE,Buy,239.33,0xffffffffffffffffffffffffffffffffffffffff,0x7be1cba648ebe1ab8084244d23f28d68a86480d8,38.2
SPOT,0x75cb7768491b8262eb81042563a2d102053600413dce51034c653e899a18487a,1749774885114,HYPE,Buy,239.33,0xffffffffffffffffffffffffffffffffffffffff,0x7be1cba648ebe1ab8084244d23f28d68a86480d8,38.2
SPOT,0x0a1d3a031ec1529995ea042563a2d1020505001224b36316d6fabe4992673f06,1749774885114,HYPE,Buy,239.33,0xffffffffffffffffffffffffffffffffffffffff,0x7be1cba648ebe1ab8084244d23f28d68a86480d8,38.2
SPOT,0xbaabd5670f5fe8f1baa9042563a2cf0202cf0071d2890f23c5b4c869b8a4a0db,1749774884960,HYPE,Buy,5,0xffffffffffffffffffffffffffffffffffffffff,0x7be1cba648ebe1ab8084244d23f28d68a86480d8,38.2
SPOT,0xe70e5cb801a962f1d6b3042563a2cf0202ce001b30ec0b839529eb1ddee75611,1749774884960,HYPE,Buy,63.53,0xffffffffffffffffffffffffffffffffffffffff,0x7be1cba648ebe1ab8084244d23f28d68a86480d8,38.2
SPOT,0x28a6e39e9045a1cb9d26042563a2ce0202f6000306f2851044b1e49cbcd8b1fe,1749774884911,HYPE,Buy,10,0xffffffffffffffffffffffffffffffffffffffff,0x7be1cba648ebe1ab8084244d23f28d68a86480d8,38.2
SPOT,0xca16b713c86a73f02212042563a2ce0202f40070b902ef496df904f37a3e0e9d,1749774884911,HYPE,Buy,33.22,0xffffffffffffffffffffffffffffffffffffffff,0x7be1cba648ebe1ab8084244d23f28d68a86480d8,38.2
SPOT,0xf33ba9a6d4ae9940b0d3042563a2cd02019000c42bdf1b85ca85e8bb33b9426c,1749774884832,HYPE,Buy,13.78,0xffffffffffffffffffffffffffffffffffffffff,0x7be1cba648ebe1ab8084244d23f28d68a86480d8,38.2
SPOT,0xbd4ce999e94cce5f907b042563a2cd02018f00221422874e71b16533b8484d00,1749774884832,HYPE,Buy,50.83,0xffffffffffffffffffffffffffffffffffffffff,0x7be1cba648ebe1ab8084244d23f28d68a86480d8,38.2
SPOT,0x4ed664e378ac295eb6c9042563a2cb02037b0035e481da37c88921fd43411153,1749774884707,HYPE,Buy,1241.27,0xffffffffffffffffffffffffffffffffffffffff,0x7be1cba648ebe1ab8084244d23f28d68a86480d8,38.2
SPOT,0x88154ba4689b8c4ee0e0042563a2cb02035200da5b75daf736cd06ec771c640d,1749774884707,HYPE,Buy,26.2,0xffffffffffffffffffffffffffffffffffffffff,0x7be1cba648ebe1ab8084244d23f28d68a86480d8,38.2
SPOT,0x14d53fa467f75d93308a042563a2ca0204fb007ebae5199ef7ca796810b4205b,1749774884646,HYPE,Buy,600,0xffffffffffffffffffffffffffffffffffffffff,0x7be1cba648ebe1ab8084244d23f28d68a86480d8,38.2
SPOT,0x2139a6aa272599bdc881042563a2c802060700f596221e101d2988bd74ac4e3a,1749774884494,HYPE,Buy,13.12,0xffffffffffffffffffffffffffffffffffffffff,0x7be1cba648ebe1ab8084244d23f28d68a86480d8,38.2
SPOT,0x41d521006f80b609d11d042563a2c802060600f0538895866b9c17af889726d6,1749774884494,HYPE,Buy,92.04,0xffffffffffffffffffffffffffffffffffffffff,0x7be1cba648ebe1ab8084244d23f28d68a86480d8,38.2
SPOT,0x652096c51dbd58903adf042563a2c8020605007c1d26158bf43213025ebe7536,1749774884494,HYPE,Buy,758.63,0xffffffffffffffffffffffffffffffffffffffff,0x7be1cba648ebe1ab8084244d23f28d68a86480d8,38.2
SPOT,0x1d8685274d752c3440b3042563a2c80206040086a20122a97475b5a64a5e4b48,1749774884494,HYPE,Buy,24.03,0xffffffffffffffffffffffffffffffffffffffff,0x7be1cba648ebe1ab8084244d23f28d68a86480d8,38.2
SPOT,0xb3fb2b3130672635c9b9042563a2c80206030044ca771ee8aac6d3b7642e37d4,1749774884494,HYPE,Buy,200,0xffffffffffffffffffffffffffffffffffffffff,0x7be1cba648ebe1ab8084244d23f28d68a86480d8,38.2
SPOT,0x65bab97e9b16b220f203042563a2c802060200a20a1da084b2b42e677d249c9f,1749774884494,HYPE,Buy,488.02,0xffffffffffffffffffffffffffffffffffffffff,0x7be1cba648ebe1ab8084244d23f28d68a86480d8,38.2
SPOT,0x6a134386c88150122ae5042563a2c802060000be3807c52b4042d7aab267aeef,1749774884494,HYPE,Buy,25,0xffffffffffffffffffffffffffffffffffffffff,0x7be1cba648ebe1ab8084244d23f28d68a86480d8,38.2
SPOT,0xa6eeed59e7b57c0c1293042563a2c80205ff00901b556e722a7ee57514226edf,1749774884494,HYPE,Buy,5,0xffffffffffffffffffffffffffffffffffffffff,0x7be1cba648ebe1ab8084244d23f28d68a86480d8,38.2
SPOT,0x08a1525ece052261541f042563a2c80205e3002e6c35ed6cd44e8252e4819559,1749774884494,HYPE,Buy,25,0xffffffffffffffffffffffffffffffffffffffff,0x7be1cba648ebe1ab8084244d23f28d68a86480d8,38.2
SPOT,0x2dab58671f740dcf64a9042563a2c80205e200f25f92037651bbcd5874848be4,1749774884494,HYPE,Buy,4.33,0xffffffffffffffffffffffffffffffffffffffff,0x7be1cba648ebe1ab8084244d23f28d68a86480d8,38.2
SPOT,0x4050b0f195db1c170169042563a2c80205e10034ff362358f16cd03afa4cc640,1749774884494,HYPE,Buy,25,0xffffffffffffffffffffffffffffffffffffffff,0x7be1cba648ebe1ab8084244d23f28d68a86480d8,38.2
SPOT,0x067384dfa41222ff8c38042563a2c80205e001010633d12dc2cdc1bcc8a2385c,1749774884494,HYPE,Buy,87,0xffffffffffffffffffffffffffffffffffffffff,0x7be1cba648ebe1ab8084244d23f28d68a86480d8,38.2
SPOT,0x8deda8a9c8b67aa8fc07042563a2c80205e00079d8d0ad9dae78d57d4feefb4f,1749774884494,HYPE,Buy,137.68,0xffffffffffffffffffffffffffffffffffffffff,0x7be1cba648ebe1ab8084244d23f28d68a86480d8,38.2
SPOT,0x90e2a351063a50827e34042563a2c80205df00229b87b231b06b89606fc76f67,1749774884494,HYPE,Buy,25,0xffffffffffffffffffffffffffffffffffffffff,0x7be1cba648ebe1ab8084244d23f28d68a86480d8,38.2
SPOT,0x6560f29f0122d5d49224042563a2c80205de009195f50e96adb757e686f7c380,1749774884494,HYPE,Buy,16.85,0xffffffffffffffffffffffffffffffffffffffff,0x7be1cba648ebe1ab8084244d23f28d68a86480d8,38.2
SPOT,0xa52dd02c5abde306c780042563a2c70208a0003582b68bd683ba230e199884af,1749774884441,HYPE,Buy,5.25,0xffffffffffffffffffffffffffffffffffffffff,0x7be1cba648ebe1ab8084244d23f28d68a86480d8,38.2
SPOT,0xb56d51e734296ab4f881042563a2c60206a400aaf671854fad87c4d8210de01f,1749774884320,HYPE,Buy,1,0xffffffffffffffffffffffffffffffffffffffff,0x7be1cba648ebe1ab8084244d23f28d68a86480d8,38.2
SPOT,0xb6086b7643cd2a75ee17042563a2c40202cd0011b5c6eaa10d68ad7c0d7d501e,1749774884119,HYPE,Buy,26.2,0xffffffffffffffffffffffffffffffffffffffff,0x7be1cba648ebe1ab8084244d23f28d68a86480d8,38.2
SPOT,0xf2c992dbce5a380b573a042563a2c40202cc00e08ac5bb6dec908b2142ce2adf,1749774884119,HYPE,Buy,4.33,0xffffffffffffffffffffffffffffffffffffffff,0x7be1cba648ebe1ab8084244d23f28d68a86480d8,38.2
SPOT,0x03b79077d37f611ccf78042563a2c2020b7300587d5ddd113aedb6a45f26bf39,1749774883930,HYPE,Buy,120,0xffffffffffffffffffffffffffffffffffffffff,0x7be1cba648ebe1ab8084244d23f28d68a86480d8,38.2
SPOT,0x52f005572cc54910ed66042563a2c2020b7200d3f0d1b49bdf6f4cc4b3d481c2,1749774883930,HYPE,Buy,20.23,0xffffffffffffffffffffffffffffffffffffffff,0x7be1cba648ebe1ab8084244d23f28d68a86480d8,38.2
SPOT,0x29450bf81378e8f07dfb042563a2c2020b41000149a4c8328965b11d5dcf3ed1,1749774883930,HYPE,Buy,4.33,0xffffffffffffffffffffffffffffffffffffffff,0x7be1cba648ebe1ab8084244d23f28d68a86480d8,38.2
SPOT,0xa4f502b121f6fc70119d042563a2c2020b4000b9c7bb939558f7ef2550bd0ade,1749774883930,HYPE,Buy,4.33,0xffffffffffffffffffffffffffffffffffffffff,0x7be1cba648ebe1ab8084244d23f28d68a86480d8,38.2
SPOT,0xa0dbfe742e52301e16be042563a2c2020b3f008b1bd3f427b242ec5a2728f906,1749774883930,HYPE,Buy,8.97,0xffffffffffffffffffffffffffffffffffffffff,0x7be1cba648ebe1ab8084244d23f28d68a86480d8,38.2
SPOT,0x84050dc9fc8a9758662f042563a2c2020b1400bbf3cb5c3e2f9e04e89cc7d946,1749774883930,HYPE,Buy,5,0xffffffffffffffffffffffffffffffffffffffff,0x7be1cba648ebe1ab8084244d23f28d68a86480d8,38.2
SPOT,0x219268b5158d940e3b51042563a2c2020b130094488f03ef3a15ff595206beb8,1749774883930,HYPE,Buy,77.01,0xffffffffffffffffffffffffffffffffffffffff,0x7be1cba648ebe1ab8084244d23f28d68a86480d8,38.2
SPOT,0xc9ef8de0779ef21b50b7042563a2c2020b1200599ed7f327803f1e0f964fc3d9,1749774883930,HYPE,Buy,30.49,0xffffffffffffffffffffffffffffffffffffffff,0x7be1cba648ebe1ab8084244d23f28d68a86480d8,38.2
SPOT,0x565e10fb55fc7844421d042563a2c2020b1000bf387970bda717f4f3a2ec0bee,1749774883930,HYPE,Buy,168.75,0xffffffffffffffffffffffffffffffffffffffff,0x7be1cba648ebe1ab8084244d23f28d68a86480d8,38.2
SPOT,0x69f243a3033a1c91c120042563a2c0020462005b1658581a64f648cef9e78b7b,1749774883735,HYPE,Buy,12.92,0xffffffffffffffffffffffffffffffffffffffff,0x7be1cba648ebe1ab8084244d23f28d68a86480d8,38.2
SPOT,0x1798852515b5fd12281c042563a2c002042a00fe03c73c9b7bd15efa07e28360,1749774883735,HYPE,Buy,10,0xffffffffffffffffffffffffffffffffffffffff,0x7be1cba648ebe1ab8084244d23f28d68a86480d8,38.2
SPOT,0x19a30baf3eb70309f233042563a2c002042900eaeaaa9e7d9aabf8742d237581,1749774883735,HYPE,Buy,1,0xffffffffffffffffffffffffffffffffffffffff,0x7be1cba648ebe1ab8084244d23f28d68a86480d8,38.2
SPOT,0x7ac1ed7af6d3a6e0687b042563a2bf0205e7008b9cac9653755559a9e950413a,1749774883631,HYPE,Buy,37.5,0xffffffffffffffffffffffffffffffffffffffff,0x7be1cba648ebe1ab8084244d23f28d68a86480d8,38.2
SPOT,0xa5d5f306956955d06326042563a2bd02049800f3f5b7bfb67d9fc674b459ebaa,1749774883427,HYPE,Buy,26.2,0xffffffffffffffffffffffffffffffffffffffff,0x7be1cba648ebe1ab8084244d23f28d68a86480d8,38.2
SPOT,0x38fe9715e3ad30585f7c042563a2bd02046600d0a53c87a902e647b2e3e6668a,1749774883427,HYPE,Buy,4.86,0xffffffffffffffffffffffffffffffffffffffff,0x7be1cba648ebe1ab8084244d23f28d68a86480d8,38.2
SPOT,0xa7359fb900e018f9e255042563a2bd02046500b3eddd9febe9a6fc1448c46fbc,1749774883427,HYPE,Buy,5,0xffffffffffffffffffffffffffffffffffffffff,0x7be1cba648ebe1ab8084244d23f28d68a86480d8,38.2
SPOT,0x53eb39ae07596dd642af042563a2b902015800b74aed4e372d784e26f854c34b,1749774883093,HYPE,Buy,26.2,0xffffffffffffffffffffffffffffffffffffffff,0x7be1cba648ebe1ab8084244d23f28d68a86480d8,38.2
SPOT,0x776f24fb3cf731270bdb042563a2b501e5001815df29ee6620da23e0373b0452,1749774882826,HYPE,Buy,58.89,0xffffffffffffffffffffffffffffffffffffffff,0x7be1cba648ebe1ab8084244d23f28d68a86480d8,38.2
SPOT,0xfa1eea19078bd770db21042563a2b501e400104b68250b3fb2820628d84d1bbd,1749774882826,HYPE,Buy,78.53,0xffffffffffffffffffffffffffffffffffffffff,0x7be1cba648ebe1ab8084244d23f28d68a86480d8,38.2
SPOT,0xfb956c7549f21248169e042563a2b501e3007511093920f74dbd5c34f35a0640,1749774882826,HYPE,Buy,5,0xffffffffffffffffffffffffffffffffffffffff,0x7be1cba648ebe1ab8084244d23f28d68a86480d8,38.2
SPOT,0x2c0f06bcd119bac87c8a042563a2b10205e60054e35a61d60370c55b144cacf0,1749774882457,HYPE,Buy,18.46,0xffffffffffffffffffffffffffffffffffffffff,0x7be1cba648ebe1ab8084244d23f28d68a86480d8,38.2
SPOT,0x216046f6b0bdb27badb9042563a2b10205e200e67f9b39555f16ae8def33703c,1749774882457,HYPE,Buy,1,0xffffffffffffffffffffffffffffffffffffffff,0x7be1cba648ebe1ab8084244d23f28d68a86480d8,38.2
SPOT,0x18c22f7bcfd3ea8e8304042563a2b10205e1006a3096fba52b110ed99237e4bb,1749774882457,HYPE,Buy,4.76,0xffffffffffffffffffffffffffffffffffffffff,0x7be1cba648ebe1ab8084244d23f28d68a86480d8,38.2
SPOT,0xeb3c3b47ff14f4745879042563a2b10205de00f615c320548efa5e97632b9f90,1749774882457,HYPE,Buy,4.19,0xffffffffffffffffffffffffffffffffffffffff,0x7be1cba648ebe1ab8084244d23f28d68a86480d8,38.2
SPOT,0x30b937665f74d705cf94042563a2b0020c69004b502b263395c8a530a79e4188,1749774882376,HYPE,Buy,10,0xffffffffffffffffffffffffffffffffffffffff,0x7be1cba648ebe1ab8084244d23f28d68a86480d8,38.2
SPOT,0xca3c0c5df1a50a621b35042563a2b0020c6800dd8911bf51e87869673da9cbde,1749774882376,HYPE,Buy,15.26,0xffffffffffffffffffffffffffffffffffffffff,0x7be1cba648ebe1ab8084244d23f28d68a86480d8,38.2
