class,hash,time,token,type,amount,from,to,px
SPOT,0x0000000000000000000000000000000000000000000000000000000000000000,1738362018060,FLY,Twap,367876.02,0xffffffffffffffffffffffffffffffffffffffff,0xee5c571813227fe7bbeef6fdd9f3e0592aca4799,0.021183799834537116
SPOT,0x0000000000000000000000000000000000000000000000000000000000000000,1738362005069,HYPE,Twap,12301.930000000002,0xffffffffffffffffffffffffffffffffffffffff,0xee5c571813227fe7bbeef6fdd9f3e0592aca4799,26.68216148514594
TRANSFER,0x2dfb7f2413f99b977306041ce518db020104004e33e2c3724707a4b5c6978145,1738361461412,USDC,InternalTransfer,336015.58,PERP,SPOT,1
DEPOSIT,0xfb55731bda2194c2d47a17ad0054725d1d969db13cefcc5eac2f52b741c623f7,1738361430237,USDC,Deposit,336015.58,Arbitrum,0xee5c571813227fe7bbeef6fdd9f3e0592aca4799,1
FAILED,0x2e7fc1058558d9eafde9041ce5174002030500340d7efdb2f59726e583d3a752,1738361430237,-,VoteEthDepositAction,,0xee5c571813227fe7bbeef6fdd9f3e0592aca4799,Deposit has already been credited.,
SPOT,0xafcbfcf66f4d87ce31cf041cc88bcb0204cb003acdeaa404152ceb7901fff2e3,1738208860962,HYPE,Buy,472.96,0xffffffffffffffffffffffffffffffffffffffff,0xee5c571813227fe7bbeef6fdd9f3e0592aca4799,25.95
SPOT,0xee2bafe6ad0d75aef9d2041cc88bc202043d00e4b6e3469e0a323d4b6f1865f5,1738208860327,HYPE,Buy,43.81,0xffffffffffffffffffffffffffffffffffffffff,0xee5c571813227fe7bbeef6fdd9f3e0592aca4799,25.95
SPOT,0xafcc09b4c6541a95ffb1041cc88bbf02057a003e0ce58fb6bc2181c6ef82a764,1738208860127,HYPE,Buy,1,0xffffffffffffffffffffffffffffffffffffffff,0xee5c571813227fe7bbeef6fdd9f3e0592aca4799,25.95
SPOT,0xbf8371d068f93025ce88041cc88bb902019500a0e2d3b8bfc1306af125e44f75,1738208859721,HYPE,Buy,500,0xffffffffffffffffffffffffffffffffffffffff,0xee5c571813227fe7bbeef6fdd9f3e0592aca4799,25.95
SPOT,0x09457ddb89a872207746041cc88bb2019f0095f42d7e54fbfc75b1dd184dc0f3,1738208859263,HYPE,Buy,38.21,0xffffffffffffffffffffffffffffffffffffffff,0xee5c571813227fe7bbeef6fdd9f3e0592aca4799,25.95
SPOT,0x9b11a8c763a0665da386041cc88baa0201fa00ea6abc6b91610899f35f625128,1738208858716,HYPE,Buy,500,0xffffffffffffffffffffffffffffffffffffffff,0xee5c571813227fe7bbeef6fdd9f3e0592aca4799,25.95
SPOT,0x282371bfc95c5f875e2a041cc88ba4020262009cc3798f0485bc43cdb38fe32e,1738208858317,HYPE,Buy,100,0xffffffffffffffffffffffffffffffffffffffff,0xee5c571813227fe7bbeef6fdd9f3e0592aca4799,25.95
SPOT,0x0000000000000000000000000000000000000000000000000000000000000000,1738208858053,HYPE,Buy,1.04,0xffffffffffffffffffffffffffffffffffffffff,0xee5c571813227fe7bbeef6fdd9f3e0592aca4799,25.95
SPOT,0xb4980f70504dcdb697f0041cc88b9b0201bd003920119641e7cfe0dce7d40ade,1738208857715,HYPE,Buy,500,0xffffffffffffffffffffffffffffffffffffffff,0xee5c571813227fe7bbeef6fdd9f3e0592aca4799,25.95
SPOT,0x60aa44746e0ee8947c29041cc88b95020293006994e449e175de4aef3d790ee5,1738208857315,HYPE,Buy,1,0xffffffffffffffffffffffffffffffffffffffff,0xee5c571813227fe7bbeef6fdd9f3e0592aca4799,25.95
SPOT,0xdaf5bf8e47d41c353ae7041cc88b8f0202dc00ebebb867042ffd77edd63f75e6,1738208856911,HYPE,Buy,100,0xffffffffffffffffffffffffffffffffffffffff,0xee5c571813227fe7bbeef6fdd9f3e0592aca4799,25.95
SPOT,0x1aedcb71ee517b919540041cc88b8f0202db0042afe997a13b37b0a458224423,1738208856911,HYPE,Buy,12,0xffffffffffffffffffffffffffffffffffffffff,0xee5c571813227fe7bbeef6fdd9f3e0592aca4799,25.95
SPOT,0x7c1ffbed2a5cad756971041cc88b8f0202da00beadac3563074f0eaede103015,1738208856911,HYPE,Buy,500,0xffffffffffffffffffffffffffffffffffffffff,0xee5c571813227fe7bbeef6fdd9f3e0592aca4799,25.95
SPOT,0xeaa8cfaaa5fb10980df4041cc88b8f0202ce00dcc51e24d9ae5f4e6daa100860,1738208856911,HYPE,Buy,38.21,0xffffffffffffffffffffffffffffffffffffffff,0xee5c571813227fe7bbeef6fdd9f3e0592aca4799,25.95
SPOT,0xf449beebb24da73a4c2b041cc88b7d020132003c8413608bec589be3645f43d2,1738208855507,HYPE,Buy,500,0xffffffffffffffffffffffffffffffffffffffff,0xee5c571813227fe7bbeef6fdd9f3e0592aca4799,25.95
SPOT,0xb428397a16f005bc2baf041cc88b7302043300c32e1dea5f38593ef5fe1ffe0a,1738208854709,HYPE,Buy,5.58,0xffffffffffffffffffffffffffffffffffffffff,0xee5c571813227fe7bbeef6fdd9f3e0592aca4799,25.95
SPOT,0xda92fa259c5036ded4eb041cc88b71020190005dcfc49c839998a72aec3e0652,1738208854506,HYPE,Buy,27.59,0xffffffffffffffffffffffffffffffffffffffff,0xee5c571813227fe7bbeef6fdd9f3e0592aca4799,25.95
SPOT,0x82480504b5ae550e2c98041cc88b71020176001ab77712e992f6a31f34661a09,1738208854506,HYPE,Buy,1,0xffffffffffffffffffffffffffffffffffffffff,0xee5c571813227fe7bbeef6fdd9f3e0592aca4799,25.95
SPOT,0xdbf550170ce27eec62a2041cc88b6e01b900d4f7af5cc297ab3e280b39a5d291,1738208854194,HYPE,Buy,38.21,0xffffffffffffffffffffffffffffffffffffffff,0xee5c571813227fe7bbeef6fdd9f3e0592aca4799,25.95
SPOT,0xf91107ab36ced86e7d07041cc88b670201d9007843a944b45820882a97148680,1738208853501,HYPE,Buy,100,0xffffffffffffffffffffffffffffffffffffffff,0xee5c571813227fe7bbeef6fdd9f3e0592aca4799,25.95
SPOT,0x770ec2514e1a24a54708041cc88b570203650091ab3aa7469e944811b31ceb0c,1738208852295,HYPE,Buy,214.98,0xffffffffffffffffffffffffffffffffffffffff,0xee5c571813227fe7bbeef6fdd9f3e0592aca4799,25.941558005395848
SPOT,0x013f463e31f53754d4a4041cc8898c01f70069e9fe7e43b512a2f05ea01bd8cf,1738208813579,HYPE,Buy,1,0xffffffffffffffffffffffffffffffffffffffff,0xee5c571813227fe7bbeef6fdd9f3e0592aca4799,25.85
SPOT,0xe75c1adbec84de15fa7e041cc8897002016700a09a8b1e19fcdc949b308f1eb1,1738208810822,HYPE,Buy,1,0xffffffffffffffffffffffffffffffffffffffff,0xee5c571813227fe7bbeef6fdd9f3e0592aca4799,25.85
SPOT,0x96c037cac11f79c57840041cc8896201e2006827372d4a9af0c5027f194e6967,1738208809003,HYPE,Buy,25,0xffffffffffffffffffffffffffffffffffffffff,0xee5c571813227fe7bbeef6fdd9f3e0592aca4799,25.85
SPOT,0xf2922a48f27722c75d43041cc8896201d6004f8e1744486f92279e45d2ad6e4b,1738208809003,HYPE,Buy,62.63,0xffffffffffffffffffffffffffffffffffffffff,0xee5c571813227fe7bbeef6fdd9f3e0592aca4799,25.85
SPOT,0x729b33e8ff699315503a041cc8894b0182007fd24bdf0ba9e281abf0bd13b71f,1738208805157,HYPE,Buy,1,0xffffffffffffffffffffffffffffffffffffffff,0xee5c571813227fe7bbeef6fdd9f3e0592aca4799,25.85
SPOT,0xf4dcc47016d503e79cc4041cc8894602011300bc9175686bfaf06467acc8bcc3,1738208804355,HYPE,Buy,0.98,0xffffffffffffffffffffffffffffffffffffffff,0xee5c571813227fe7bbeef6fdd9f3e0592aca4799,25.85
SPOT,0x140bac796c0ea193620c041cc888fd017500927f753e37903d2c195e522228df,1738208797037,HYPE,Buy,38.35,0xffffffffffffffffffffffffffffffffffffffff,0xee5c571813227fe7bbeef6fdd9f3e0592aca4799,25.85
SPOT,0xbf23d01c165e6861f319041cc888fc01d600963daa9c74ee095b6638c8d160bd,1738208796963,HYPE,Buy,12.1,0xffffffffffffffffffffffffffffffffffffffff,0xee5c571813227fe7bbeef6fdd9f3e0592aca4799,25.85
SPOT,0xf15d0185dc9f80c3125b041cc888f801aa00d773a7ea39c73c623f6813984278,1738208796609,HYPE,Buy,1,0xffffffffffffffffffffffffffffffffffffffff,0xee5c571813227fe7bbeef6fdd9f3e0592aca4799,25.85
SPOT,0x57b3f82f0cdc5f37ba46041cc888ec01cb006b9b5ab01a7fe86004b88b166c01,1738208795457,HYPE,Buy,4.51,0xffffffffffffffffffffffffffffffffffffffff,0xee5c571813227fe7bbeef6fdd9f3e0592aca4799,25.85
SPOT,0xd30ebbfb66390fa64bd1041cc888e101850082958f88705eb88acc490c3c4b2c,1738208794396,HYPE,Buy,38.35,0xffffffffffffffffffffffffffffffffffffffff,0xee5c571813227fe7bbeef6fdd9f3e0592aca4799,25.85
SPOT,0xe24dc3466c396d7df1ed041cc888dd01b9004e6fc2d8c12dd41e24b96c4bc4c0,1738208793991,HYPE,Buy,1,0xffffffffffffffffffffffffffffffffffffffff,0xee5c571813227fe7bbeef6fdd9f3e0592aca4799,25.85
SPOT,0x6fbc438dae17d28f3cea041cc888da01d100f9a45fe6d62b47e991d7c7ef41f9,1738208793722,HYPE,Buy,25,0xffffffffffffffffffffffffffffffffffffffff,0xee5c571813227fe7bbeef6fdd9f3e0592aca4799,25.85
SPOT,0xc1695e899874bb1337c3041cc888cb01b300c611094cc1a97d53f5dd224e3552,1738208792307,HYPE,Buy,25,0xffffffffffffffffffffffffffffffffffffffff,0xee5c571813227fe7bbeef6fdd9f3e0592aca4799,25.85
SPOT,0xc48467171cd800866a7e041cc888c5016b00d3f66840e0e70328e8a69f4105bb,1738208791742,HYPE,Buy,38.35,0xffffffffffffffffffffffffffffffffffffffff,0xee5c571813227fe7bbeef6fdd9f3e0592aca4799,25.85
SPOT,0x08d09b5f9486bdcd1f53041cc888bf020105000e51a06ef0530ac7ccc23fc01b,1738208791143,HYPE,Buy,1,0xffffffffffffffffffffffffffffffffffffffff,0xee5c571813227fe7bbeef6fdd9f3e0592aca4799,25.85
SPOT,0xcde5ad021da617e9710a041cc888ac01fd009fdeeb8c1b88ca2de103cea90632,1738208789476,HYPE,Buy,15.15,0xffffffffffffffffffffffffffffffffffffffff,0xee5c571813227fe7bbeef6fdd9f3e0592aca4799,25.85
SPOT,0xfde1795197064ac7fbb0041cc888ab01e90032bd90c6c7e559514187c21be8db,1738208789330,HYPE,Buy,38.35,0xffffffffffffffffffffffffffffffffffffffff,0xee5c571813227fe7bbeef6fdd9f3e0592aca4799,25.85
SPOT,0x5cc135dfb57f80e522f4041cc888a302011000d030704c96382f65b29e34c218,1738208788565,HYPE,Buy,1,0xffffffffffffffffffffffffffffffffffffffff,0xee5c571813227fe7bbeef6fdd9f3e0592aca4799,25.85
SPOT,0xb5f9308e1b3803541a9e041cc88894018a00baf7231b4b3e79ead2afeae84232,1738208787352,HYPE,Buy,38.35,0xffffffffffffffffffffffffffffffffffffffff,0xee5c571813227fe7bbeef6fdd9f3e0592aca4799,25.85
SPOT,0x9d315c04e39e9d84fc7c041cc88891019800cc1e3d31d4c878d9853092255f9f,1738208786899,HYPE,Buy,50,0xffffffffffffffffffffffffffffffffffffffff,0xee5c571813227fe7bbeef6fdd9f3e0592aca4799,25.85
SPOT,0xcd417d26d1f5a20fe1f1041cc8888a02018f00d93c51b4418798c0d7389687ce,1738208786348,HYPE,Buy,25,0xffffffffffffffffffffffffffffffffffffffff,0xee5c571813227fe7bbeef6fdd9f3e0592aca4799,25.85
SPOT,0x95856debe66c26704fae041cc8888a02018e006bb8a73bf1d6724c6f148db3e6,1738208786348,HYPE,Buy,5,0xffffffffffffffffffffffffffffffffffffffff,0xee5c571813227fe7bbeef6fdd9f3e0592aca4799,25.85
SPOT,0xf07aae1180a40d18856d041cc8888701850096c4d5abeb7ac1461fb0aa72b142,1738208786093,HYPE,Buy,1,0xffffffffffffffffffffffffffffffffffffffff,0xee5c571813227fe7bbeef6fdd9f3e0592aca4799,25.85
SPOT,0x2b8b0b580fee26de365d041cc888840201ff009a85a60926cb069a0c030863d0,1738208785743,HYPE,Buy,25,0xffffffffffffffffffffffffffffffffffffffff,0xee5c571813227fe7bbeef6fdd9f3e0592aca4799,25.85
SPOT,0x05ff69194ca21dc04a06041cc888780201650074aedbabc91178c9609037d691,1738208784671,HYPE,Buy,38.35,0xffffffffffffffffffffffffffffffffffffffff,0xee5c571813227fe7bbeef6fdd9f3e0592aca4799,25.85
SPOT,0x986c898e4866b5817626041cc8886a0201f500a1859bf0853487aceaedd62750,1738208783505,HYPE,Buy,1,0xffffffffffffffffffffffffffffffffffffffff,0xee5c571813227fe7bbeef6fdd9f3e0592aca4799,25.85
SPOT,0x9e02ba07eac03db9a74c041cc8885c0184002f029cb3a0d3d7f8ef013be8a478,1738208782642,HYPE,Buy,38.35,0xffffffffffffffffffffffffffffffffffffffff,0xee5c571813227fe7bbeef6fdd9f3e0592aca4799,25.85
SPOT,0x37179a2f26959f45223e041cc88840015200573e96c2a990bbe6a6f2a17509cb,1738208780861,HYPE,Buy,1,0xffffffffffffffffffffffffffffffffffffffff,0xee5c571813227fe7bbeef6fdd9f3e0592aca4799,25.85
SPOT,0x10607c986569219113dc041cc8883c0201590081d65390f7255d241503f47c99,1738208780594,HYPE,Buy,50,0xffffffffffffffffffffffffffffffffffffffff,0xee5c571813227fe7bbeef6fdd9f3e0592aca4799,25.85
SPOT,0x802cc8ffac6df427ea15041cc8883401a20052e8942cc6d59ed40b3ea5d3ca7d,1738208780028,HYPE,Buy,38.35,0xffffffffffffffffffffffffffffffffffffffff,0xee5c571813227fe7bbeef6fdd9f3e0592aca4799,25.85
SPOT,0x7e233e02c058a63b552c041cc8882401b100c6712b1555f5381598a6759f7279,1738208778903,HYPE,Buy,50,0xffffffffffffffffffffffffffffffffffffffff,0xee5c571813227fe7bbeef6fdd9f3e0592aca4799,25.85
SPOT,0x738fc39182e5d2aba5b6041cc8881d01fc009215aa85db40d3e70f712bab63af,1738208778451,HYPE,Buy,50,0xffffffffffffffffffffffffffffffffffffffff,0xee5c571813227fe7bbeef6fdd9f3e0592aca4799,25.85
SPOT,0x3523a29a428193114e12041cc8881702010f006750c212be54c2ec9687bb45ae,1738208778046,HYPE,Buy,1,0xffffffffffffffffffffffffffffffffffffffff,0xee5c571813227fe7bbeef6fdd9f3e0592aca4799,25.85
SPOT,0x843ce54858a3688cff4f041cc8881601680081bf25c332738c5a07b36837746d,1738208777969,HYPE,Buy,38.35,0xffffffffffffffffffffffffffffffffffffffff,0xee5c571813227fe7bbeef6fdd9f3e0592aca4799,25.85
SPOT,0xc7a45e65111182fa4865041cc888050201b500745048118de8221e9dbdf93a87,1738208776840,HYPE,Buy,50,0xffffffffffffffffffffffffffffffffffffffff,0xee5c571813227fe7bbeef6fdd9f3e0592aca4799,25.85
SPOT,0x45dd465bc5f8d41f329e041cc887f8015f004a62872817bce6b6971cb64019e3,1738208775943,HYPE,Buy,38.35,0xffffffffffffffffffffffffffffffffffffffff,0xee5c571813227fe7bbeef6fdd9f3e0592aca4799,25.85
SPOT,0xaf2d81906295889a9ff8041cc887f302010a00d161e3efd0e80642805ff6a464,1738208775634,HYPE,Buy,1,0xffffffffffffffffffffffffffffffffffffffff,0xee5c571813227fe7bbeef6fdd9f3e0592aca4799,25.85
SPOT,0x48d608a3f91c81186dc6041cc887ec0131000a3b1c886c8f9419e0f3a0ef9413,1738208775036,HYPE,Buy,50,0xffffffffffffffffffffffffffffffffffffffff,0xee5c571813227fe7bbeef6fdd9f3e0592aca4799,25.85
SPOT,0x5558f19e7b4e59b15085041cc887d602012500f55ccb052fb31dd8d696eea40c,1738208773394,HYPE,Buy,50,0xffffffffffffffffffffffffffffffffffffffff,0xee5c571813227fe7bbeef6fdd9f3e0592aca4799,25.85
SPOT,0xc13b0ae1e5456a3b146e041cc887d5017400938efc53fd5f5711ad75525bce66,1738208773331,HYPE,Buy,27.59,0xffffffffffffffffffffffffffffffffffffffff,0xee5c571813227fe7bbeef6fdd9f3e0592aca4799,25.85
SPOT,0x781c4a05b8d5ff6a4dca041cc887bd02049200a6507c75c83b9d8b44671675d6,1738208771618,HYPE,Buy,40.28,0xffffffffffffffffffffffffffffffffffffffff,0xee5c571813227fe7bbeef6fdd9f3e0592aca4799,25.85
SPOT,0xd783146fb7a4d7e79884041cc887a602019800624dc3c7c3761ff6fff9f298d0,1738208769768,HYPE,Buy,50,0xffffffffffffffffffffffffffffffffffffffff,0xee5c571813227fe7bbeef6fdd9f3e0592aca4799,25.85
SPOT,0xfebb07745566ba5d2706041cc887a302015800ce793558f46bd97b613a608d66,1738208769569,HYPE,Buy,1,0xffffffffffffffffffffffffffffffffffffffff,0xee5c571813227fe7bbeef6fdd9f3e0592aca4799,25.85
SPOT,0x5e549a10e866aad34179041cc8879c019a00b94ee6e9816421787c1971be3948,1738208769090,HYPE,Buy,33.35,0xffffffffffffffffffffffffffffffffffffffff,0xee5c571813227fe7bbeef6fdd9f3e0592aca4799,25.85
SPOT,0xc985e7c396d93c9681d3041cc8879201fe006321b0f040e653e88cbf456e89ed,1738208768222,HYPE,Buy,50,0xffffffffffffffffffffffffffffffffffffffff,0xee5c571813227fe7bbeef6fdd9f3e0592aca4799,25.85
SPOT,0x52b548c5f204268fcc9e041cc8878002025300d27f7fc74748a1d0dd49065eef,1738208766914,HYPE,Buy,1,0xffffffffffffffffffffffffffffffffffffffff,0xee5c571813227fe7bbeef6fdd9f3e0592aca4799,25.85
SPOT,0x0ffa3eed715547f8c9cf041cc8877b02011600ca420cfa1d41503ac4faa77e6a,1738208766587,HYPE,Buy,50,0xffffffffffffffffffffffffffffffffffffffff,0xee5c571813227fe7bbeef6fdd9f3e0592aca4799,25.85
SPOT,0x2c4dd851c0f9c341ba3e041cc8877a017700d2e27468e6cca56f9cfe32210708,1738208766453,HYPE,Buy,37.23,0xffffffffffffffffffffffffffffffffffffffff,0xee5c571813227fe7bbeef6fdd9f3e0592aca4799,25.85
SPOT,0xe6176c0f0e902467c75d041cc8876302013900bc285ec959edbd595abb37a89f,1738208764155,HYPE,Buy,79.37,0xffffffffffffffffffffffffffffffffffffffff,0xee5c571813227fe7bbeef6fdd9f3e0592aca4799,25.841736046365124
TRANSFER,0x319dbb16c8ee343815e2041cc884e502031b00c11b5bc4abc93e1be72089da1a,1738208710322,USDC,InternalTransfer,147923.27,PERP,SPOT,1
DEPOSIT,0xa16a70544de89d70145cc696f5c54947344535e6e7a2ab401531e09e44c1a046,1738208654953,USDC,Deposit,147923.27,Arbitrum,0xee5c571813227fe7bbeef6fdd9f3e0592aca4799,1
FAILED,0xcba578de2ae038dee45b041cc88255010500dec459fb779ecf69d55cde8e6a40,1738208654953,-,VoteEthDepositAction,,0xee5c571813227fe7bbeef6fdd9f3e0592aca4799,Deposit has already been credited.,
SPOT,0xec2fc92aeebe43353379041cc853bc02011600963f09d0776225ce601d8c7f19,1738207683026,HYPE,Buy,122.02,0xffffffffffffffffffffffffffffffffffffffff,0xee5c571813227fe7bbeef6fdd9f3e0592aca4799,25.85
SPOT,0x4d3ce76b9246be8a8aaa041cc853bc02011501016a028a17f6b000eec275720a,1738207683026,HYPE,Buy,10.62,0xffffffffffffffffffffffffffffffffffffffff,0xee5c571813227fe7bbeef6fdd9f3e0592aca4799,25.85
SPOT,0x1fee8012f89193c8b123041cc853bc02011500391ee21506a8b0f6b0af1d1f38,1738207683026,HYPE,Buy,1009.76,0xffffffffffffffffffffffffffffffffffffffff,0xee5c571813227fe7bbeef6fdd9f3e0592aca4799,25.85
SPOT,0xda9b35af28da8b59648c041cc853bc02011400e7160867b3738cba300aee5c80,1738207683026,HYPE,Buy,98.91,0xffffffffffffffffffffffffffffffffffffffff,0xee5c571813227fe7bbeef6fdd9f3e0592aca4799,25.85
SPOT,0xda8a7a39266397992c27041cc853bc020113000000970606f37bb1bc6cec6ae4,1738207683026,HYPE,Buy,100.21,0xffffffffffffffffffffffffffffffffffffffff,0xee5c571813227fe7bbeef6fdd9f3e0592aca4799,25.85
SPOT,0x7350556eddc16825b669041cc853b501de00efd4158676b4d6b7362a9f882dab,1738207682345,HYPE,Buy,154.94,0xffffffffffffffffffffffffffffffffffffffff,0xee5c571813227fe7bbeef6fdd9f3e0592aca4799,25.85
SPOT,0xcf8a0016ffe6fd119d0e041cc853b402027f00ea2a5f669c04435c2dd136e5ff,1738207682222,HYPE,Buy,6.08,0xffffffffffffffffffffffffffffffffffffffff,0xee5c571813227fe7bbeef6fdd9f3e0592aca4799,25.85
SPOT,0x834d66ee4141e2f14ec2041cc853b402027e0035ad7d3bbb0faa5f6d5b8df85e,1738207682222,HYPE,Buy,27.94,0xffffffffffffffffffffffffffffffffffffffff,0xee5c571813227fe7bbeef6fdd9f3e0592aca4799,25.85
SPOT,0x57201b32ac60c72ed573041cc853b402027d001c042b6399e7dccb8114dcb305,1738207682222,HYPE,Buy,6.1,0xffffffffffffffffffffffffffffffffffffffff,0xee5c571813227fe7bbeef6fdd9f3e0592aca4799,25.85
SPOT,0x049bb0836feb9833d5d0041cc853b402027c00a19e185b94e243f86003cc86e2,1738207682222,HYPE,Buy,33.75,0xffffffffffffffffffffffffffffffffffffffff,0xee5c571813227fe7bbeef6fdd9f3e0592aca4799,25.85
SPOT,0x9f047f18e4b27d1b6875041cc853b402027b00d83b34149c9be38520158d57e3,1738207682222,HYPE,Buy,6.16,0xffffffffffffffffffffffffffffffffffffffff,0xee5c571813227fe7bbeef6fdd9f3e0592aca4799,25.85
SPOT,0xcb123acd62ec93b1d0e5041cc853b402027a00ce4acb6f264a53b9d7310aaf6e,1738207682222,HYPE,Buy,12.42,0xffffffffffffffffffffffffffffffffffffffff,0xee5c571813227fe7bbeef6fdd9f3e0592aca4799,25.85
SPOT,0x4622faeee7179af7d745041cc853ac01d400be6285c49247f2f1ccbe73524234,1738207681528,HYPE,Buy,639.08,0xffffffffffffffffffffffffffffffffffffffff,0xee5c571813227fe7bbeef6fdd9f3e0592aca4799,25.841244679852288
SPOT,0x031fbc5ac98ab6469947041cc851c20202b6002f447eb07d692873b54c8cd5ef,1738207645600,HYPE,Buy,78.57,0xffffffffffffffffffffffffffffffffffffffff,0xee5c571813227fe7bbeef6fdd9f3e0592aca4799,25.8
SPOT,0xf3fc19e6560244eff0a8041cc851b1020112007008f199ac83ad645503dd4fca,1738207643968,HYPE,Buy,84.47,0xffffffffffffffffffffffffffffffffffffffff,0xee5c571813227fe7bbeef6fdd9f3e0592aca4799,25.8
SPOT,0x0100e379eac517e08424041cc8519f01d500fd616328cdddda096597348b7066,1738207642587,HYPE,Buy,235.87,0xffffffffffffffffffffffffffffffffffffffff,0xee5c571813227fe7bbeef6fdd9f3e0592aca4799,25.8
SPOT,0x162945d9fefb42992e0a041cc8518b02028b00bb1edd7f2834ed0ec2d1feb088,1738207640933,HYPE,Buy,236.3,0xffffffffffffffffffffffffffffffffffffffff,0xee5c571813227fe7bbeef6fdd9f3e0592aca4799,25.8
SPOT,0xda1d9a755094eb023026041cc851740201660046424cfbbd54171866e74d311c,1738207639355,HYPE,Buy,240.28,0xffffffffffffffffffffffffffffffffffffffff,0xee5c571813227fe7bbeef6fdd9f3e0592aca4799,25.8
SPOT,0x5ba97f536dd7159557b9041cc85163020132005b5453f1ce09d44dc67f689fcf,1738207637953,HYPE,Buy,227.79,0xffffffffffffffffffffffffffffffffffffffff,0xee5c571813227fe7bbeef6fdd9f3e0592aca4799,25.8
SPOT,0x58a51c2bdc5294089be5041cc851500201320044bd37b6280dee43384d76a939,1738207636284,HYPE,Buy,250,0xffffffffffffffffffffffffffffffffffffffff,0xee5c571813227fe7bbeef6fdd9f3e0592aca4799,25.8
SPOT,0xe7daf9b590a251417331041cc8514d02012400f4eed0dca97718019cdd60aa6f,1738207636013,HYPE,Buy,500,0xffffffffffffffffffffffffffffffffffffffff,0xee5c571813227fe7bbeef6fdd9f3e0592aca4799,25.8
SPOT,0x181e0da4076f5de8b147041cc8513f020286003d560d9c01f51d71167f5cdf46,1738207634671,HYPE,Buy,240.29,0xffffffffffffffffffffffffffffffffffffffff,0xee5c571813227fe7bbeef6fdd9f3e0592aca4799,25.8
SPOT,0xcbe4258d6ce4fc74f1c5041cc8513302013e0030c4d836af9868dc5f271e6af7,1738207633636,HYPE,Buy,87.24,0xffffffffffffffffffffffffffffffffffffffff,0xee5c571813227fe7bbeef6fdd9f3e0592aca4799,25.8
SPOT,0x6a1217174dcf86f69881041cc8510c02010c005cbe28ab0d445bb6a97bf0b617,1738207630189,HYPE,Buy,250,0xffffffffffffffffffffffffffffffffffffffff,0xee5c571813227fe7bbeef6fdd9f3e0592aca4799,25.8
SPOT,0xeea41d217267556ecb50041cc850f9020112008d6d32eb0e68e2a562bc728599,1738207628572,HYPE,Buy,250,0xffffffffffffffffffffffffffffffffffffffff,0xee5c571813227fe7bbeef6fdd9f3e0592aca4799,25.8
SPOT,0x7839e80533b61fb20d82041cc850eb0202b500f15c5677dda88c4cc695595c13,1738207627160,HYPE,Buy,173.29,0xffffffffffffffffffffffffffffffffffffffff,0xee5c571813227fe7bbeef6fdd9f3e0592aca4799,25.8
SPOT,0x80721979078e7dde4cc8041cc850d402010a002be8ec1f37b452dc8372e9fc8b,1738207625503,HYPE,Buy,250.01,0xffffffffffffffffffffffffffffffffffffffff,0xee5c571813227fe7bbeef6fdd9f3e0592aca4799,25.8
SPOT,0x871ad6889543ddcd5743041cc850c1020114006fc2e0d15ac57a9a3c97038130,1738207624234,HYPE,Buy,250,0xffffffffffffffffffffffffffffffffffffffff,0xee5c571813227fe7bbeef6fdd9f3e0592aca4799,25.8
SPOT,0xc166818381f505bf9c6a041cc850ad01f30080fa0d3f06186fb7b28e5f64e850,1738207622515,HYPE,Buy,249,0xffffffffffffffffffffffffffffffffffffffff,0xee5c571813227fe7bbeef6fdd9f3e0592aca4799,25.8
SPOT,0x3bae775041583e06a7ac041cc8509f02012c00b739dd2aa969a7f93d4841e879,1738207621108,HYPE,Buy,250,0xffffffffffffffffffffffffffffffffffffffff,0xee5c571813227fe7bbeef6fdd9f3e0592aca4799,25.8
SPOT,0x8ba9d8fa55b8934af5d2041cc8508e018900cd88b5e4088e67f4577fa811f5ef,1738207619511,HYPE,Buy,100,0xffffffffffffffffffffffffffffffffffffffff,0xee5c571813227fe7bbeef6fdd9f3e0592aca4799,25.8
SPOT,0xa7b60752064dd46b8788041cc8508c019000f1682865175af3bc8b513451d351,1738207619310,HYPE,Buy,250,0xffffffffffffffffffffffffffffffffffffffff,0xee5c571813227fe7bbeef6fdd9f3e0592aca4799,25.8
SPOT,0x9a67b7d1bf468031cd05041cc8507f0201870094d78ee241451bc653956884d9,1738207617995,HYPE,Buy,250,0xffffffffffffffffffffffffffffffffffffffff,0xee5c571813227fe7bbeef6fdd9f3e0592aca4799,25.8
SPOT,0x6f49f9e0be77852b36d1041cc8506e018700040da89f66ac0720d9f1ce8513cf,1738207616279,HYPE,Buy,173.29,0xffffffffffffffffffffffffffffffffffffffff,0xee5c571813227fe7bbeef6fdd9f3e0592aca4799,25.8
SPOT,0xa13057a335965a332b26041cc8506201b600a9557e286b26335656d2cabfde50,1738207615036,HYPE,Buy,4.47,0xffffffffffffffffffffffffffffffffffffffff,0xee5c571813227fe7bbeef6fdd9f3e0592aca4799,25.8
SPOT,0x9e502da2a4e17be2f36e041cc85058020140000cb9deccdad6b96adfed37003c,1738207614016,HYPE,order,6889.65,0xee5c571813227fe7bbeef6fdd9f3e0592aca4799,limit,25.8
TRANSFER,0xaa6e2eb0ec07effa920f041cc84f1b01c1008a3e19cf0e278eea7bd3e211a5f7,1738207584887,USDC,InternalTransfer,177741.98,PERP,SPOT,1
DEPOSIT,0x6418c0df04d566468a3a4905f2baa87a096fcf5f3134aba15761f23b23904b84,1738207567201,USDC,Deposit,177741.98,Arbitrum,0xee5c571813227fe7bbeef6fdd9f3e0592aca4799,1
FAILED,0xb110dc112ebdd4e8be11041cc84e500102003cfab9b863ea32a5bf72a78633d2,1738207567201,-,VoteEthDepositAction,,0xee5c571813227fe7bbeef6fdd9f3e0592aca4799,Deposit has already been credited.,
SPOT,0xc5ccc1dad2fe49115630041cc839c4018700ef0df3c25362d854f30be06d9c2b,1738207134573,HYPE,Buy,4538.1,0xffffffffffffffffffffffffffffffffffffffff,0xee5c571813227fe7bbeef6fdd9f3e0592aca4799,26.197582746083164
TRANSFER,0x88846d962c11183bcb71041cc838ca0202b70069e567d8518e851857e735743e,1738207114379,USDC,InternalTransfer,118881.22,PERP,SPOT,1
DEPOSIT,0x823a190bf7faa8673ff7a918cedfe3511badd74488223bbef1a8255e4881affe,1738207095906,USDC,Deposit,118881.22,Arbitrum,0xee5c571813227fe7bbeef6fdd9f3e0592aca4799,1
FAILED,0x0ff287190793cd566050041cc837eb0201bd00d1eb181d85902624eb1ab06380,1738207095906,-,VoteEthDepositAction,,0xee5c571813227fe7bbeef6fdd9f3e0592aca4799,Deposit has already been credited.,
SPOT,0xc6798d161cc2b14d44af041cc8116b02033500ff03004489c86f2948ff68b60d,1738206299232,HYPE,Buy,19.99,0xffffffffffffffffffffffffffffffffffffffff,0xee5c571813227fe7bbeef6fdd9f3e0592aca4799,25.8
SPOT,0x31c728b40157e1ca95b8041cc81162020332000ebe67c7c0b4568fb26753ffbe,1738206298291,HYPE,Buy,38.76,0xffffffffffffffffffffffffffffffffffffffff,0xee5c571813227fe7bbeef6fdd9f3e0592aca4799,25.8
SPOT,0xc1199f5cde40be188aaa041cc8115b020182001d027b3d5102af31fbd1e03903,1738206297503,HYPE,Buy,7.27,0xffffffffffffffffffffffffffffffffffffffff,0xee5c571813227fe7bbeef6fdd9f3e0592aca4799,25.8
SPOT,0xbf7be19787d9ba918c9d041cc8114e020100003630209c472fd807b4adcdfe0d,1738206296502,HYPE,Buy,11070.49,0xffffffffffffffffffffffffffffffffffffffff,0xee5c571813227fe7bbeef6fdd9f3e0592aca4799,25.798466864610333
TRANSFER,0xaf7493d5e93177d4528f041cc80f9f013300b2b9d044d6d5e5cf618bfba66c1b,1738206258776,USDC,InternalTransfer,287501.65,PERP,SPOT,1
DEPOSIT,0xbd4bace7e434920023d99000d43dc4b69fb4fb080c953c3b6bdb39f841ffa6e7,1738206230685,USDC,Deposit,287501.65,Arbitrum,0xee5c571813227fe7bbeef6fdd9f3e0592aca4799,1
FAILED,0x23f0d8338b0e686b17cf041cc80e2901ef00f3aa02154fc648fe047228a710ea,1738206230685,-,VoteEthDepositAction,,0xee5c571813227fe7bbeef6fdd9f3e0592aca4799,Deposit has already been credited.,
SPOT,0x0000000000000000000000000000000000000000000000000000000000000000,1738199606076,FLY,Twap,796726.98,0xffffffffffffffffffffffffffffffffffffffff,0xee5c571813227fe7bbeef6fdd9f3e0592aca4799,0.022555231712031092
SPOT,0x0000000000000000000000000000000000000000000000000000000000000000,1738188853106,FLY,Twap,1000000.0000000001,0xffffffffffffffffffffffffffffffffffffffff,0xee5c571813227fe7bbeef6fdd9f3e0592aca4799,0.023247331659551004
SPOT,0x0000000000000000000000000000000000000000000000000000000000000000,1738186934079,FLY,Twap,2000000,0xffffffffffffffffffffffffffffffffffffffff,0xee5c571813227fe7bbeef6fdd9f3e0592aca4799,0.02162424649515662
SPOT,0x0000000000000000000000000000000000000000000000000000000000000000,1738185456012,FLY,Twap,2999999.9999999995,0xffffffffffffffffffffffffffffffffffffffff,0xee5c571813227fe7bbeef6fdd9f3e0592aca4799,0.02101786146619239
TRANSFER,0x48ac939c417a2a0c8787041cc3d43a0202860056efa53305c434970901068473,1738183590358,USDC,InternalTransfer,147514.86,PERP,SPOT,1
DEPOSIT,0xb57fd491947905e3ae3eb7a0d7a27ebaecd811c262a91bdef1bdf5349aa3f916,1738183575299,USDC,Deposit,147514.86,Arbitrum,0xee5c571813227fe7bbeef6fdd9f3e0592aca4799,1
FAILED,0xaeb6237facdcd3036bbb041cc3d376020511000758038665788f67dc0d3ea6a2,1738183575299,-,VoteEthDepositAction,,0xee5c571813227fe7bbeef6fdd9f3e0592aca4799,Deposit has already been credited.,
SPOT,0x16a77edc8da540565384041cc38fa102027d0067877bceb60a1eb0d1044d211c,1738182154745,HYPE,Buy,7015.81,0xffffffffffffffffffffffffffffffffffffffff,0xee5c571813227fe7bbeef6fdd9f3e0592aca4799,23.99942923482819
TRANSFER,0x0df56616b0b09ee71d06041cc38f410201eb0051f16751ccc991904cc01d44a4,1738182145473,USDC,InternalTransfer,168370.51,PERP,SPOT,1
DEPOSIT,0x4e30f330e9814198ce8b3c202aaca7f78ffeacbdae179f0c2ee3b50bef60ddd9,1738182125108,USDC,Deposit,168370.51,Arbitrum,0xee5c571813227fe7bbeef6fdd9f3e0592aca4799,1
FAILED,0x7dff3463ae5ccb1217ec041cc38e570102003f5e3700c3c1a92869bb1dc68da1,1738182125108,-,VoteEthDepositAction,,0xee5c571813227fe7bbeef6fdd9f3e0592aca4799,Deposit has already been credited.,
SPOT,0x44ecb5b2c9f17192f831041cc32ded0203980096626878943f7d4704fa9d2b7b,1738180087937,HYPE,Buy,113.15,0xffffffffffffffffffffffffffffffffffffffff,0xee5c571813227fe7bbeef6fdd9f3e0592aca4799,23.55
SPOT,0xe77811e4278f654bdd7b041cc32dea0205cd0048dc2a465c7efb21a3f226c2d8,1738180087725,HYPE,Buy,79.03,0xffffffffffffffffffffffffffffffffffffffff,0xee5c571813227fe7bbeef6fdd9f3e0592aca4799,23.55
SPOT,0xba5a3c8ed67b5b75a5e3041cc32de7020531009d46104f2baa5ed8c44d232b14,1738180087518,HYPE,Buy,110.75,0xffffffffffffffffffffffffffffffffffffffff,0xee5c571813227fe7bbeef6fdd9f3e0592aca4799,23.55
SPOT,0xc919a0dcd3a8b2e76ae9041cc32de702053000da64163d9f22d912f2c3698575,1738180087518,HYPE,Buy,324.93,0xffffffffffffffffffffffffffffffffffffffff,0xee5c571813227fe7bbeef6fdd9f3e0592aca4799,23.55
SPOT,0xbd9bcf625c3196745334041cc32de702052f00566f9fbcd40c859bfae65ecef2,1738180087518,HYPE,Buy,25,0xffffffffffffffffffffffffffffffffffffffff,0xee5c571813227fe7bbeef6fdd9f3e0592aca4799,23.55
SPOT,0x9e77162ca7603fc547ce041cc32de702052e00383a9bcd0dc70e6c95f2d30031,1738180087518,HYPE,Buy,9.42,0xffffffffffffffffffffffffffffffffffffffff,0xee5c571813227fe7bbeef6fdd9f3e0592aca4799,23.55
SPOT,0x98e6bd7781e631e2baf0041cc32de602019b007a1ff9af6dacb5153979308237,1738180087452,HYPE,Buy,212.31,0xffffffffffffffffffffffffffffffffffffffff,0xee5c571813227fe7bbeef6fdd9f3e0592aca4799,23.55
SPOT,0xe2983eb832f9d0810809041cc32de3020517008a7f51ceb5726ccd0ab456a5e4,1738180087255,HYPE,Buy,27.39,0xffffffffffffffffffffffffffffffffffffffff,0xee5c571813227fe7bbeef6fdd9f3e0592aca4799,23.55
SPOT,0x721645ea2eee7c0af2f7041cc32de302051600d16f5a2ccc955b726f56838998,1738180087255,HYPE,Buy,32.55,0xffffffffffffffffffffffffffffffffffffffff,0xee5c571813227fe7bbeef6fdd9f3e0592aca4799,23.55
SPOT,0xf7dff427f73105857507041cc32de202059d00696b60f2158c19599fe8a0eb75,1738180087116,HYPE,Buy,50.88,0xffffffffffffffffffffffffffffffffffffffff,0xee5c571813227fe7bbeef6fdd9f3e0592aca4799,23.55
SPOT,0x94ec67e4bc7012789bb1041cc32de0020641001a20bf3bcc4ac5e596b131e2ca,1738180086918,HYPE,Buy,8.68,0xffffffffffffffffffffffffffffffffffffffff,0xee5c571813227fe7bbeef6fdd9f3e0592aca4799,23.55
SPOT,0x07c83dc02e95d5bf87f8041cc32de002064000b57a134582cabd1de4e67f3515,1738180086918,HYPE,Buy,8.14,0xffffffffffffffffffffffffffffffffffffffff,0xee5c571813227fe7bbeef6fdd9f3e0592aca4799,23.55
SPOT,0x0518a19847572e93d469041cc32de002063f006679ee858d8bf58f98c6d3ff11,1738180086918,HYPE,Buy,7.63,0xffffffffffffffffffffffffffffffffffffffff,0xee5c571813227fe7bbeef6fdd9f3e0592aca4799,23.55
SPOT,0x3f5e741fa213e8bee6c1041cc32de002063e0070320f81a6814af74578ddbf25,1738180086918,HYPE,Buy,1622.65,0xffffffffffffffffffffffffffffffffffffffff,0xee5c571813227fe7bbeef6fdd9f3e0592aca4799,23.55
SPOT,0xb46ac3bc2d5ad05f2e48041cc32dde02032100896e77bab56765158052f5bfab,1738180086715,HYPE,Buy,42.54,0xffffffffffffffffffffffffffffffffffffffff,0xee5c571813227fe7bbeef6fdd9f3e0592aca4799,23.55
SPOT,0xf0fcb8df1384d39eaa3b041cc32dde02032000d7a8c88c0312f6411b1cab1b6d,1738180086715,HYPE,Buy,138.58,0xffffffffffffffffffffffffffffffffffffffff,0xee5c571813227fe7bbeef6fdd9f3e0592aca4799,23.55
SPOT,0x4f488af2736a0be9cd42041cc32ddb02035a00c90af2ee3178806765f75b8c4f,1738180086440,HYPE,Buy,8.32,0xffffffffffffffffffffffffffffffffffffffff,0xee5c571813227fe7bbeef6fdd9f3e0592aca4799,23.55
SPOT,0x8c1278abfc2c68f97c29041cc32dd302033000369f1929b71df688866e917f9e,1738180085883,HYPE,Buy,420.84,0xffffffffffffffffffffffffffffffffffffffff,0xee5c571813227fe7bbeef6fdd9f3e0592aca4799,23.528985885372112
SPOT,0x6e943cfd759af262b9df041cc32b4d02057400329ef3b0b756d4386d4c0d147e,1738180037411,HYPE,order,3424.56,0xee5c571813227fe7bbeef6fdd9f3e0592aca4799,limit,22.3
SPOT,0x589407f880a887202ad3041cc3293e02033f0074617193fdf43064d4f2686417,1738179989608,HYPE,order,2821.1,0xee5c571813227fe7bbeef6fdd9f3e0592aca4799,limit,22.41
SPOT,0x1366db472a27875a57f0041cc31c2502023300f81e5064acb3b9530b13124444,1738179714166,HYPE,Buy,276.47,0xffffffffffffffffffffffffffffffffffffffff,0xee5c571813227fe7bbeef6fdd9f3e0592aca4799,23.3
SPOT,0x5c2676de1157b9455c82041cc31c250202320062f53a08f2d1409dffca9ee6f8,1738179714166,HYPE,Buy,200.57,0xffffffffffffffffffffffffffffffffffffffff,0xee5c571813227fe7bbeef6fdd9f3e0592aca4799,23.3
SPOT,0x58b6c92b399dca7c576c041cc31c2502023100945d461ef3bf7f239c8dfc406e,1738179714166,HYPE,Buy,87.89,0xffffffffffffffffffffffffffffffffffffffff,0xee5c571813227fe7bbeef6fdd9f3e0592aca4799,23.3
SPOT,0x1e8babb659815073ef17041cc31a52020658009acd581531b701bdd28a68648a,1738179672645,HYPE,Buy,50,0xffffffffffffffffffffffffffffffffffffffff,0xee5c571813227fe7bbeef6fdd9f3e0592aca4799,23.3
SPOT,0xe850c665d516e4429dfe041cc31a510201ee00facf9cd175d33f982fb01e7e19,1738179672544,HYPE,Buy,22.11,0xffffffffffffffffffffffffffffffffffffffff,0xee5c571813227fe7bbeef6fdd9f3e0592aca4799,23.3
SPOT,0x0317cf27f399749333d9041cc31a500206020022762e1c9b5a2777441a0afcf8,1738179672447,HYPE,Buy,202,0xffffffffffffffffffffffffffffffffffffffff,0xee5c571813227fe7bbeef6fdd9f3e0592aca4799,23.3
SPOT,0x7a4cb2aeb50dcad2f031041cc31a5002060100542263e012bbea1c42c1136b67,1738179672447,HYPE,Buy,10.13,0xffffffffffffffffffffffffffffffffffffffff,0xee5c571813227fe7bbeef6fdd9f3e0592aca4799,23.3
SPOT,0x645e5cdf7201834ad076041cc31a500205d600bac556a4e9b95af3fcce6736ed,1738179672447,HYPE,Buy,93.26,0xffffffffffffffffffffffffffffffffffffffff,0xee5c571813227fe7bbeef6fdd9f3e0592aca4799,23.3
SPOT,0xb5950f5fd1b3bffc8257041cc31a4b020287000a75143a38f79387cccc8cf06c,1738179672044,HYPE,Buy,279.95,0xffffffffffffffffffffffffffffffffffffffff,0xee5c571813227fe7bbeef6fdd9f3e0592aca4799,23.3
SPOT,0x5be4707744617a7700fc041cc31a3502034f005d419fa09cc1ef5255dcadf982,1738179669821,HYPE,Buy,0.5,0xffffffffffffffffffffffffffffffffffffffff,0xee5c571813227fe7bbeef6fdd9f3e0592aca4799,23.3
SPOT,0x18342d5117fae4b648ce041cc31a340204b1003be9fdff4165f14e1c05118a0b,1738179669722,HYPE,Buy,50,0xffffffffffffffffffffffffffffffffffffffff,0xee5c571813227fe7bbeef6fdd9f3e0592aca4799,23.3
SPOT,0x3b3ea5ebb33347b30832041cc31a340204b000d505369381ec474b835960f43f,1738179669722,HYPE,Buy,20,0xffffffffffffffffffffffffffffffffffffffff,0xee5c571813227fe7bbeef6fdd9f3e0592aca4799,23.3
SPOT,0x65ed66e014bf5e5ab944041cc31a2d0203e700357a81d105a87f227679e02f97,1738179669009,HYPE,Buy,201.1,0xffffffffffffffffffffffffffffffffffffffff,0xee5c571813227fe7bbeef6fdd9f3e0592aca4799,23.3
SPOT,0xf89521a26fd9fafdfd0c041cc31a2b0203e700dafb947c8311f9030457a5be86,1738179668808,HYPE,Buy,95.12,0xffffffffffffffffffffffffffffffffffffffff,0xee5c571813227fe7bbeef6fdd9f3e0592aca4799,23.3
SPOT,0x43d3adc89668b5ca5ccd041cc31a290203e6009d39bddc534d80d16ca086aca0,1738179668608,HYPE,Buy,19.02,0xffffffffffffffffffffffffffffffffffffffff,0xee5c571813227fe7bbeef6fdd9f3e0592aca4799,23.3
SPOT,0x11f87f7d0b3c37ca6a6d041cc31a290203e500a117a50ac69d2afc0017e20375,1738179668608,HYPE,Buy,25,0xffffffffffffffffffffffffffffffffffffffff,0xee5c571813227fe7bbeef6fdd9f3e0592aca4799,23.3
SPOT,0x598afdfba1309a86e92d041cc31a2802044900251529edad4075d51d71eca6f3,1738179668515,HYPE,Buy,268.39,0xffffffffffffffffffffffffffffffffffffffff,0xee5c571813227fe7bbeef6fdd9f3e0592aca4799,23.3
SPOT,0x33d5b93aed69b351a837041cc31a28020448007adb80afc5a1815e0dff875767,1738179668515,HYPE,Buy,397.32,0xffffffffffffffffffffffffffffffffffffffff,0xee5c571813227fe7bbeef6fdd9f3e0592aca4799,23.3
SPOT,0x0382dc46adba5ba689df041cc31a270203e600dd08ea9d1423509c88dbe9a5a7,1738179668421,HYPE,Buy,42.91,0xffffffffffffffffffffffffffffffffffffffff,0xee5c571813227fe7bbeef6fdd9f3e0592aca4799,23.3
SPOT,0xb9c9235bd505c3f594f5041cc31a270203e50017a2460c20d7766313a3816656,1738179668421,HYPE,Buy,784.04,0xffffffffffffffffffffffffffffffffffffffff,0xee5c571813227fe7bbeef6fdd9f3e0592aca4799,23.3
SPOT,0xfa50e1805b40e0f6f953041cc31a270203e400b539a5e4536f8eb8025f3ec5e9,1738179668421,HYPE,Buy,584.54,0xffffffffffffffffffffffffffffffffffffffff,0xee5c571813227fe7bbeef6fdd9f3e0592aca4799,23.3
SPOT,0xf55fb14e114f879a4d36041cc31a1a0205ac00e619e8c72b608b073ffeab667b,1738179667205,HYPE,Buy,17.36,0xffffffffffffffffffffffffffffffffffffffff,0xee5c571813227fe7bbeef6fdd9f3e0592aca4799,23.3
SPOT,0xb7419151d003fa7bc476041cc31a1a0205ab009313c246c0b94defb219bca9ea,1738179667205,HYPE,Buy,10.08,0xffffffffffffffffffffffffffffffffffffffff,0xee5c571813227fe7bbeef6fdd9f3e0592aca4799,23.3
SPOT,0x695e79f1400cd192d835041cc31a1a0205aa00aaa71caa8a3765b118895c3262,1738179667205,HYPE,Buy,28.97,0xffffffffffffffffffffffffffffffffffffffff,0xee5c571813227fe7bbeef6fdd9f3e0592aca4799,23.3
SPOT,0x2d22eba818ea4f624ff9041cc31a1a0205a900cef15077cb92d0fb6ebd173ed2,1738179667205,HYPE,Buy,43.02,0xffffffffffffffffffffffffffffffffffffffff,0xee5c571813227fe7bbeef6fdd9f3e0592aca4799,23.3
SPOT,0xae695f820f7180523f9b041cc31a1a0205a7000324b46c60cedd50b81689378b,1738179667205,HYPE,Buy,15.62,0xffffffffffffffffffffffffffffffffffffffff,0xee5c571813227fe7bbeef6fdd9f3e0592aca4799,23.3
SPOT,0xe8153cfb43f38263a3ac041cc31a1a0205a600f80b7c50ef561dd67e4fac6469,1738179667205,HYPE,Buy,6.3,0xffffffffffffffffffffffffffffffffffffffff,0xee5c571813227fe7bbeef6fdd9f3e0592aca4799,23.3
SPOT,0xad96f581b58cd07f333d041cc31a1a0205a500078940645e067809d7a21387dd,1738179667205,HYPE,Buy,19.35,0xffffffffffffffffffffffffffffffffffffffff,0xee5c571813227fe7bbeef6fdd9f3e0592aca4799,23.3
SPOT,0x62221d0a96715d45a48e041cc31a180204d9001549ce33cea30668537226c19b,1738179667006,HYPE,Buy,25,0xffffffffffffffffffffffffffffffffffffffff,0xee5c571813227fe7bbeef6fdd9f3e0592aca4799,23.3
SPOT,0xa614063aac898498c1e6041cc31a1702027e00a1832269cb4a12b5565d31e68f,1738179666907,HYPE,Buy,14.7,0xffffffffffffffffffffffffffffffffffffffff,0xee5c571813227fe7bbeef6fdd9f3e0592aca4799,23.3
SPOT,0x727f76bc77664cde5fee041cc31a140205ca005dc8259b4903e47ce92cd20464,1738179666589,HYPE,Buy,12.6,0xffffffffffffffffffffffffffffffffffffffff,0xee5c571813227fe7bbeef6fdd9f3e0592aca4799,23.3
SPOT,0xf087d6a8fc61b6408255041cc31a140205a60017fb9c27216f1fc9a00a53ee95,1738179666589,HYPE,Buy,47.34,0xffffffffffffffffffffffffffffffffffffffff,0xee5c571813227fe7bbeef6fdd9f3e0592aca4799,23.3
SPOT,0x088beb5be48f93c9f500041cc31a1202054b00cd186d2e5274ba292f64736f4c,1738179666389,HYPE,Buy,147.12,0xffffffffffffffffffffffffffffffffffffffff,0xee5c571813227fe7bbeef6fdd9f3e0592aca4799,23.3
SPOT,0x414abb5957dd8a63ff46041cc31a1002037b008fd2818ad47bb5c44a95330f5a,1738179666201,HYPE,Buy,902.22,0xffffffffffffffffffffffffffffffffffffffff,0xee5c571813227fe7bbeef6fdd9f3e0592aca4799,23.286711112588947
SPOT,0xedf40798407256af4335041cc317b0020643006ec3a22313fa72a1075a7fc48d,1738179611404,HYPE,Buy,44.05,0xffffffffffffffffffffffffffffffffffffffff,0xee5c571813227fe7bbeef6fdd9f3e0592aca4799,22.7
SPOT,0x19f7c50756101b6aba81041cc317ae02061d00b6d5722c9b03b4a5953fdc2a18,1738179611197,HYPE,Buy,44.05,0xffffffffffffffffffffffffffffffffffffffff,0xee5c571813227fe7bbeef6fdd9f3e0592aca4799,22.7
SPOT,0x9751257607a324b0bd08041cc317ac02068d00208dfcaf76f655c0d9de393861,1738179610994,HYPE,Buy,31.55,0xffffffffffffffffffffffffffffffffffffffff,0xee5c571813227fe7bbeef6fdd9f3e0592aca4799,22.7
SPOT,0x0cfc9e299d788b3d939d041cc3179d02036d004e776d3fbeeac2072d0cca100c,1738179609658,HYPE,Buy,20,0xffffffffffffffffffffffffffffffffffffffff,0xee5c571813227fe7bbeef6fdd9f3e0592aca4799,22.7
SPOT,0x7dcdea2290afd7becd73041cc3179602059f00892e5ca137f20efc621d313317,1738179609069,HYPE,Buy,3995.32,0xffffffffffffffffffffffffffffffffffffffff,0xee5c571813227fe7bbeef6fdd9f3e0592aca4799,22.7
SPOT,0xc554f940453a9a3b6bd2041cc317760201f1002cbf6c11e710603871beb5caee,1738179606016,HYPE,Buy,36.49,0xffffffffffffffffffffffffffffffffffffffff,0xee5c571813227fe7bbeef6fdd9f3e0592aca4799,22.7
SPOT,0x4884ada816f1c0f5593d041cc316ed0205be006d7e7c38ab854739e7ca4f1fff,1738179594139,HYPE,Buy,288.31,0xffffffffffffffffffffffffffffffffffffffff,0xee5c571813227fe7bbeef6fdd9f3e0592aca4799,22.698263292983242
SPOT,0xcbce613dbaa078c1ae4a041cc316ed0205d2002c11cf6832a7667721656e2ea4,1738179594139,HYPE,Buy,60.77,0xffffffffffffffffffffffffffffffffffffffff,0xee5c571813227fe7bbeef6fdd9f3e0592aca4799,22.7
SPOT,0x6be793d806cf907d1f72041cc315cc02044900842eabe2af0a835945c29c7561,1738179571087,HYPE,Buy,1008.15,0xffffffffffffffffffffffffffffffffffffffff,0xee5c571813227fe7bbeef6fdd9f3e0592aca4799,22.65
SPOT,0x224f39ea6fe466c7a3e2041cc315cb02029d0064068db6b0d34e9e209f78647a,1738179571036,HYPE,Buy,25,0xffffffffffffffffffffffffffffffffffffffff,0xee5c571813227fe7bbeef6fdd9f3e0592aca4799,22.65
SPOT,0x70b4fa502d3f01811a62041cc315cb02029c0048e15745a1547c44073ed6d0d5,1738179571036,HYPE,Buy,108.65,0xffffffffffffffffffffffffffffffffffffffff,0xee5c571813227fe7bbeef6fdd9f3e0592aca4799,22.65
SPOT,0xc93e6f579f481d92ec18041cc315c802055c007996a7d02cc9ca7883de4acfd5,1738179570743,HYPE,Buy,115.45,0xffffffffffffffffffffffffffffffffffffffff,0xee5c571813227fe7bbeef6fdd9f3e0592aca4799,22.65
SPOT,0xe0d42929d9b108a556c1041cc315c602053b00f7998aaa85162a777f41f0f927,1738179570542,HYPE,Buy,33.57,0xffffffffffffffffffffffffffffffffffffffff,0xee5c571813227fe7bbeef6fdd9f3e0592aca4799,22.65
SPOT,0xf1a9141486f399a5955e041cc315c602053a00b79dc60c55e9d136657cc7feed,1738179570542,HYPE,Buy,93.04,0xffffffffffffffffffffffffffffffffffffffff,0xee5c571813227fe7bbeef6fdd9f3e0592aca4799,22.65
SPOT,0x9bd74c949b2d13029ba8041cc315c602053900824c1451880bbbad61acbe449f,1738179570542,HYPE,Buy,7.08,0xffffffffffffffffffffffffffffffffffffffff,0xee5c571813227fe7bbeef6fdd9f3e0592aca4799,22.65
SPOT,0xc0f106ac515b90ebe501041cc315c60205380056d731531e89329ce90c44f0dc,1738179570542,HYPE,Buy,28.2,0xffffffffffffffffffffffffffffffffffffffff,0xee5c571813227fe7bbeef6fdd9f3e0592aca4799,22.65
SPOT,0xc85440f826fa09c56a21041cc315c6020537008183d93793eda11b27c74222d7,1738179570542,HYPE,Buy,21.49,0xffffffffffffffffffffffffffffffffffffffff,0xee5c571813227fe7bbeef6fdd9f3e0592aca4799,22.65
SPOT,0x11a5669d73de97bee49d041cc315c40201fc003327bf54235c831fd69f243efc,1738179570340,HYPE,Buy,28.29,0xffffffffffffffffffffffffffffffffffffffff,0xee5c571813227fe7bbeef6fdd9f3e0592aca4799,22.65
SPOT,0x675da31b54126421b46d041cc315c40201fb007ba48182bb82b4e89e9462f7d7,1738179570340,HYPE,Buy,22.5,0xffffffffffffffffffffffffffffffffffffffff,0xee5c571813227fe7bbeef6fdd9f3e0592aca4799,22.65
SPOT,0x1e001394932b3f3402e4041cc315c40201fa00624bd1e5d519f3ea20dc0cccac,1738179570340,HYPE,Buy,14.47,0xffffffffffffffffffffffffffffffffffffffff,0xee5c571813227fe7bbeef6fdd9f3e0592aca4799,22.65
SPOT,0x1ce14c1628388fda558a041cc315c40201f900352a51edb1485f5752a2147085,1738179570340,HYPE,Buy,5.81,0xffffffffffffffffffffffffffffffffffffffff,0xee5c571813227fe7bbeef6fdd9f3e0592aca4799,22.65
SPOT,0x70068ea694f76fcea0ed041cc315c40201f800e7b2be63635dbd08932244afb0,1738179570340,HYPE,Buy,5.83,0xffffffffffffffffffffffffffffffffffffffff,0xee5c571813227fe7bbeef6fdd9f3e0592aca4799,22.65
SPOT,0x1f1da5a778b0b42041e8041cc315c40201f700c52437ba746ca7d489b32f0d8a,1738179570340,HYPE,Buy,140.66,0xffffffffffffffffffffffffffffffffffffffff,0xee5c571813227fe7bbeef6fdd9f3e0592aca4799,22.65
SPOT,0x6f01abf58c42ba36559b041cc315c40201f600ede608c347d70f4b376c3d92c0,1738179570340,HYPE,Buy,77,0xffffffffffffffffffffffffffffffffffffffff,0xee5c571813227fe7bbeef6fdd9f3e0592aca4799,22.65
SPOT,0x2f9031c611da52813a15041cc315c40201f50041891561dad193af94e2b866ac,1738179570340,HYPE,Buy,8.31,0xffffffffffffffffffffffffffffffffffffffff,0xee5c571813227fe7bbeef6fdd9f3e0592aca4799,22.65
SPOT,0x6719bf7f532945c5f011041cc315c40201f4001613e36771ba6d932e43f045d8,1738179570340,HYPE,Buy,45.68,0xffffffffffffffffffffffffffffffffffffffff,0xee5c571813227fe7bbeef6fdd9f3e0592aca4799,22.65
SPOT,0x7eca5be5682d64a952be041cc315c40201f200081063fd150feda04d2ec6cd7e,1738179570340,HYPE,Buy,44.27,0xffffffffffffffffffffffffffffffffffffffff,0xee5c571813227fe7bbeef6fdd9f3e0592aca4799,22.65
SPOT,0x44c856f3953c24ae493d041cc315bd02010f00d496f9d62d5266610acf611756,1738179569630,HYPE,Buy,3166.5499999999993,0xffffffffffffffffffffffffffffffffffffffff,0xee5c571813227fe7bbeef6fdd9f3e0592aca4799,22.626091023353503
SPOT,0x82a57e67452d30079d6d041cc314af02074901014f28ff6a5abc0228aa22d041,1738179545281,HYPE,Buy,62.88,0xffffffffffffffffffffffffffffffffffffffff,0xee5c571813227fe7bbeef6fdd9f3e0592aca4799,22.6
SPOT,0xd23b70c883fd767826a3041cc314af02074900dae036e2a17d7bda6e6c791b96,1738179545281,HYPE,Buy,1029.32,0xffffffffffffffffffffffffffffffffffffffff,0xee5c571813227fe7bbeef6fdd9f3e0592aca4799,22.6
SPOT,0x1b168aa08d3876b5212a041cc314a702039800118d11e471a36b7b9943814751,1738179544672,HYPE,Buy,173.6,0xffffffffffffffffffffffffffffffffffffffff,0xee5c571813227fe7bbeef6fdd9f3e0592aca4799,22.6
SPOT,0x4447fc1c6c22f9aee37e041cc314a702039700540d57f1a07ecc636b76fac8d9,1738179544672,HYPE,Buy,74.91,0xffffffffffffffffffffffffffffffffffffffff,0xee5c571813227fe7bbeef6fdd9f3e0592aca4799,22.6
SPOT,0x6c266b5da79bac87abc2041cc314a70203960044430234c8754d9a4e2c7d98ff,1738179544672,HYPE,Buy,55.7,0xffffffffffffffffffffffffffffffffffffffff,0xee5c571813227fe7bbeef6fdd9f3e0592aca4799,22.6
SPOT,0x1145176b6fec8f685c28041cc314a702039400023332b95414fc1b43cefeae4d,1738179544672,HYPE,Buy,7.18,0xffffffffffffffffffffffffffffffffffffffff,0xee5c571813227fe7bbeef6fdd9f3e0592aca4799,22.6
SPOT,0x0170927ea37cf70d73c7041cc314a7020393008fa261d54f983d72d7555e0dd4,1738179544672,HYPE,Buy,7.21,0xffffffffffffffffffffffffffffffffffffffff,0xee5c571813227fe7bbeef6fdd9f3e0592aca4799,22.6
SPOT,0x673dcf5e358bc87bc15b041cc314a702039200eaae62cc193d727c57548ff150,1738179544672,HYPE,Buy,490.08,0xffffffffffffffffffffffffffffffffffffffff,0xee5c571813227fe7bbeef6fdd9f3e0592aca4799,22.6
SPOT,0xdeef19c6321e2c0121b9041cc3149c020269005f341acf47f3f3432f4d5865ec,1738179543960,HYPE,Buy,1099.1200000000001,0xffffffffffffffffffffffffffffffffffffffff,0xee5c571813227fe7bbeef6fdd9f3e0592aca4799,22.590852527476518
SPOT,0xdc89a2bc7ffedfbe0ecd041cc313680202d300fee4509012af4eb6c4ad368316,1738179518908,HYPE,Buy,0.5,0xffffffffffffffffffffffffffffffffffffffff,0xee5c571813227fe7bbeef6fdd9f3e0592aca4799,22.45
SPOT,0xd01e527a8cedbb8b5c6f041cc313520203e80047a7f8523053a174ecfd04859a,1738179517261,HYPE,Buy,6.44,0xffffffffffffffffffffffffffffffffffffffff,0xee5c571813227fe7bbeef6fdd9f3e0592aca4799,22.45
SPOT,0xc6ca7a3ee79aa09c371e041cc313520203e7001e6bee3d90849b63d1df66c4f3,1738179517261,HYPE,Buy,6.45,0xffffffffffffffffffffffffffffffffffffffff,0xee5c571813227fe7bbeef6fdd9f3e0592aca4799,22.45
SPOT,0x8af676582ad8308d1f10041cc313520203e600c892e0c46470821d35aef03fb1,1738179517261,HYPE,Buy,104.37,0xffffffffffffffffffffffffffffffffffffffff,0xee5c571813227fe7bbeef6fdd9f3e0592aca4799,22.45
SPOT,0xe673772cbb977419282a041cc313520203e5005c065b849f8ce32582cf4ce16b,1738179517261,HYPE,Buy,255.64,0xffffffffffffffffffffffffffffffffffffffff,0xee5c571813227fe7bbeef6fdd9f3e0592aca4799,22.45
SPOT,0x67fb50380d8fa5930e14041cc313500203f90059fe6984eecb59e2a4fc40ad1e,1738179517125,HYPE,Buy,10,0xffffffffffffffffffffffffffffffffffffffff,0xee5c571813227fe7bbeef6fdd9f3e0592aca4799,22.45
SPOT,0x0d3e54e2ef55e8bd11ea041cc313500203f8004a398fb6cf9fc15bfe1d28b65c,1738179517125,HYPE,Buy,212.41,0xffffffffffffffffffffffffffffffffffffffff,0xee5c571813227fe7bbeef6fdd9f3e0592aca4799,22.45
SPOT,0x163071a1101a69e1c981041cc3134a0206c500150d0dd44dc64ce9acfa31ed44,1738179516496,HYPE,Buy,7.1,0xffffffffffffffffffffffffffffffffffffffff,0xee5c571813227fe7bbeef6fdd9f3e0592aca4799,22.45
SPOT,0x690e4971bdaad878ed46041cc3134a0206c40015f4ea1e91d2a013703022edeb,1738179516496,HYPE,Buy,87.21,0xffffffffffffffffffffffffffffffffffffffff,0xee5c571813227fe7bbeef6fdd9f3e0592aca4799,22.45
SPOT,0x7a748bb3fa23fc7a8acc041cc3134a0206c300f5e6c1569852005e3fa0bd295a,1738179516496,HYPE,Buy,96.94,0xffffffffffffffffffffffffffffffffffffffff,0xee5c571813227fe7bbeef6fdd9f3e0592aca4799,22.45
SPOT,0x03a0f3f489575339af5f041cc3134a0206c20101c93c75a65844a1b822e2bd41,1738179516496,HYPE,Buy,7.86,0xffffffffffffffffffffffffffffffffffffffff,0xee5c571813227fe7bbeef6fdd9f3e0592aca4799,22.45
SPOT,0x0d77c01d15089f07682e041cc3134a0206c200f9665457d38fdb0e681a654c8d,1738179516496,HYPE,Buy,97.62,0xffffffffffffffffffffffffffffffffffffffff,0xee5c571813227fe7bbeef6fdd9f3e0592aca4799,22.45
SPOT,0xea53f9da6e45f0ae9226041cc3134a0206c1001355e0d426e4f377ed05cb7175,1738179516496,HYPE,Buy,438.53,0xffffffffffffffffffffffffffffffffffffffff,0xee5c571813227fe7bbeef6fdd9f3e0592aca4799,22.45
SPOT,0xd98f931ddcbe4bcdfd54041cc3134202057a00127811dbd9a28384fdadb9ae31,1738179515704,HYPE,Buy,744.19,0xffffffffffffffffffffffffffffffffffffffff,0xee5c571813227fe7bbeef6fdd9f3e0592aca4799,22.440816028164846
TRANSFER,0x77b31a0362792333eebd041cc30d000202d9005571e35809110b5df57278da84,1738179383551,USDC,InternalTransfer,523462.37,PERP,SPOT,1
DEPOSIT,0x0e026a40e9ecbd9d9fab00a7dc50509686ab6fb4e1a33779a0004c83b694544f,1738179351735,USDC,Deposit,523462.37,Arbitrum,0xee5c571813227fe7bbeef6fdd9f3e0592aca4799,1
FAILED,0xe7de4f0b455743b8611d041cc30b9c01ff000ed5754efe4ececf2099c1b63ee4,1738179351735,-,VoteEthDepositAction,,0xee5c571813227fe7bbeef6fdd9f3e0592aca4799,Deposit has already been credited.,
SPOT,0x002bd3d84e2a2359692c041cc2f89d01f4002e515b22991e6ee52e3dba09af7d,1738178955234,HYPE,Buy,161.49,0xffffffffffffffffffffffffffffffffffffffff,0xee5c571813227fe7bbeef6fdd9f3e0592aca4799,22.09
SPOT,0x3ea6b4b3e77dbe98fe6c041cc2f89c02029700e63d61d39bbaacfd1a750453e3,1738178955162,HYPE,Buy,10,0xffffffffffffffffffffffffffffffffffffffff,0xee5c571813227fe7bbeef6fdd9f3e0592aca4799,22.09
SPOT,0x3b39ab97e028aebd28d4041cc2f89c0202950042885d3abaaabd2c98ef57e997,1738178955162,HYPE,Buy,15.96,0xffffffffffffffffffffffffffffffffffffffff,0xee5c571813227fe7bbeef6fdd9f3e0592aca4799,22.09
SPOT,0x842385234cccf2029991041cc2f89b020168007f2709bef5787ed02254ca2fd8,1738178955085,HYPE,Buy,3.66,0xffffffffffffffffffffffffffffffffffffffff,0xee5c571813227fe7bbeef6fdd9f3e0592aca4799,22.09
SPOT,0x9e123129428a50b7448f041cc2f8990202c5001bbbbd7eb4dfebefc43f6bd300,1738178954958,HYPE,Buy,88.84,0xffffffffffffffffffffffffffffffffffffffff,0xee5c571813227fe7bbeef6fdd9f3e0592aca4799,22.09
SPOT,0xa34d502ab092ee44666f041cc2f8980202ce00e4c8cae910e151ad7a2d716eeb,1738178954884,HYPE,Buy,5,0xffffffffffffffffffffffffffffffffffffffff,0xee5c571813227fe7bbeef6fdd9f3e0592aca4799,22.09
SPOT,0x7844baf7bdc45398c118041cc2f8980202cc0076d0671e8d5ecc57a423b191be,1738178954884,HYPE,Buy,5,0xffffffffffffffffffffffffffffffffffffffff,0xee5c571813227fe7bbeef6fdd9f3e0592aca4799,22.09
SPOT,0xe0e4709a4538fa8d5edd041cc2f89602035200d1700c764d2fbfaf233c61d3b4,1738178954748,HYPE,Buy,10,0xffffffffffffffffffffffffffffffffffffffff,0xee5c571813227fe7bbeef6fdd9f3e0592aca4799,22.09
SPOT,0xe37420e8c57f1da0f513041cc2f89602035100ca3b559ddaaebb63795699feff,1738178954748,HYPE,Buy,45.27,0xffffffffffffffffffffffffffffffffffffffff,0xee5c571813227fe7bbeef6fdd9f3e0592aca4799,22.09
SPOT,0x3e17f68fd471556b46e0041cc2f895020130007e9f1eadd64cf98b0fba2080da,1738178954683,HYPE,Buy,9.98,0xffffffffffffffffffffffffffffffffffffffff,0xee5c571813227fe7bbeef6fdd9f3e0592aca4799,22.09
SPOT,0x46c31b4816117f12e6f9041cc2f89302024100240fd06af2b3d1446f8afbd0d5,1738178954552,HYPE,Buy,399.99,0xffffffffffffffffffffffffffffffffffffffff,0xee5c571813227fe7bbeef6fdd9f3e0592aca4799,22.09
SPOT,0x9b134465edb8b05760f2041cc2f89302023f0026a5d30b0fe856788d9c539088,1738178954552,HYPE,Buy,399.99,0xffffffffffffffffffffffffffffffffffffffff,0xee5c571813227fe7bbeef6fdd9f3e0592aca4799,22.09
SPOT,0x6164d05ea82e666731a5041cc2f89302023e00001c04420093a21649ca0a9a60,1738178954552,HYPE,Buy,22.43,0xffffffffffffffffffffffffffffffffffffffff,0xee5c571813227fe7bbeef6fdd9f3e0592aca4799,22.09
SPOT,0xedfb83065c283aa0e6bf041cc2f89302023d006d7e55d2ee55b93bcfb29123fe,1738178954552,HYPE,Buy,65.94,0xffffffffffffffffffffffffffffffffffffffff,0xee5c571813227fe7bbeef6fdd9f3e0592aca4799,22.09
SPOT,0xe238e0092323d13366ed041cc2f89302023c0082c51a2e30608d0d72c3a63054,1738178954552,HYPE,Buy,10,0xffffffffffffffffffffffffffffffffffffffff,0xee5c571813227fe7bbeef6fdd9f3e0592aca4799,22.09
SPOT,0x9ff04c5b59d8e92a58b5041cc2f89201e000b6f4ea990e50915a62a766656dde,1738178954482,HYPE,Buy,138.3,0xffffffffffffffffffffffffffffffffffffffff,0xee5c571813227fe7bbeef6fdd9f3e0592aca4799,22.09
SPOT,0xab1d2a0008029104c0b4041cc2f89201df00a610a940654cfe8e53b09ec250b3,1738178954482,HYPE,Buy,5,0xffffffffffffffffffffffffffffffffffffffff,0xee5c571813227fe7bbeef6fdd9f3e0592aca4799,22.09
SPOT,0x0098f9b6956401985879041cc2f89201de00b3ae3bf5a1adca1e087a68c7ba5c,1738178954482,HYPE,Buy,5,0xffffffffffffffffffffffffffffffffffffffff,0xee5c571813227fe7bbeef6fdd9f3e0592aca4799,22.09
SPOT,0xcd6f712e2e984b393fa9041cc2f89201dd007f556adcc845782f7e133749e1ef,1738178954482,HYPE,Buy,32.97,0xffffffffffffffffffffffffffffffffffffffff,0xee5c571813227fe7bbeef6fdd9f3e0592aca4799,22.09
SPOT,0xc1234b23b887cfcf9dbc041cc2f89001d900364459e148f50d4cecba67a9e16b,1738178954343,HYPE,Buy,25,0xffffffffffffffffffffffffffffffffffffffff,0xee5c571813227fe7bbeef6fdd9f3e0592aca4799,22.09
SPOT,0x27cf505d746328feff2d041cc2f88f01b9005c536f35b057fddead79a6eec12e,1738178954280,HYPE,Buy,5,0xffffffffffffffffffffffffffffffffffffffff,0xee5c571813227fe7bbeef6fdd9f3e0592aca4799,22.09
SPOT,0x2ad02b474b7a0d1ad829041cc2f88d01f800f0aeca84fdfde2389a862fa7ef6b,1738178954142,HYPE,Buy,172.42,0xffffffffffffffffffffffffffffffffffffffff,0xee5c571813227fe7bbeef6fdd9f3e0592aca4799,22.09
SPOT,0x4e76dbf63d5385d0471e041cc2f88d01f700cec6e1b5a0102653ff604d9efcbb,1738178954142,HYPE,Buy,51.3,0xffffffffffffffffffffffffffffffffffffffff,0xee5c571813227fe7bbeef6fdd9f3e0592aca4799,22.09
SPOT,0x189e298ac8b8cd0aaa20041cc2f88d01f600c36b278e1cb9c4baff027fdf6533,1738178954142,HYPE,Buy,45.26,0xffffffffffffffffffffffffffffffffffffffff,0xee5c571813227fe7bbeef6fdd9f3e0592aca4799,22.09
SPOT,0x3d07b9ec5e036be48a40041cc2f88c018d00ca2bdd49c7d654e03ef3894603ac,1738178954079,HYPE,Buy,64.17,0xffffffffffffffffffffffffffffffffffffffff,0xee5c571813227fe7bbeef6fdd9f3e0592aca4799,22.09
SPOT,0xc2115c141c953a8acefa041cc2f88901c500ccb866d4dce0245c79e35cabcc3b,1738178953879,HYPE,Buy,5,0xffffffffffffffffffffffffffffffffffffffff,0xee5c571813227fe7bbeef6fdd9f3e0592aca4799,22.09
SPOT,0x3a025dda0abe75dadd9c041cc2f88901c30087f7db399581c4bcfdce81bfa1cc,1738178953879,HYPE,Buy,5,0xffffffffffffffffffffffffffffffffffffffff,0xee5c571813227fe7bbeef6fdd9f3e0592aca4799,22.09
SPOT,0xb2bd0a5f8cd22d0f34ef041cc2f88901c200e173499ab5db61c67c59872e3dd5,1738178953879,HYPE,Buy,5,0xffffffffffffffffffffffffffffffffffffffff,0xee5c571813227fe7bbeef6fdd9f3e0592aca4799,22.09
SPOT,0x5f8fca83c90b081de8fd041cc2f88901c100a7c321b2e9c9b35d3c7da027e292,1738178953879,HYPE,Buy,400,0xffffffffffffffffffffffffffffffffffffffff,0xee5c571813227fe7bbeef6fdd9f3e0592aca4799,22.09
SPOT,0xc048633d2c04c7d8c610041cc2f8880201bd0056d726a718df3bcd292f352369,1738178953820,HYPE,Buy,531.99,0xffffffffffffffffffffffffffffffffffffffff,0xee5c571813227fe7bbeef6fdd9f3e0592aca4799,22.09
SPOT,0xfb5748022e02f2b05405041cc2f8880201bc00382e1e5636ebe4e081e6586eea,1738178953820,HYPE,Buy,313.95,0xffffffffffffffffffffffffffffffffffffffff,0xee5c571813227fe7bbeef6fdd9f3e0592aca4799,22.09
SPOT,0x711501f7e38da44a3880041cc2f8880201bb008cc495411234f28927a5173bab,1738178953820,HYPE,Buy,158,0xffffffffffffffffffffffffffffffffffffffff,0xee5c571813227fe7bbeef6fdd9f3e0592aca4799,22.09
SPOT,0x30bf80da9d9dcd4bf00d041cc2f8880201ba008d1663a59828db2b8f5af6ab66,1738178953820,HYPE,Buy,50,0xffffffffffffffffffffffffffffffffffffffff,0xee5c571813227fe7bbeef6fdd9f3e0592aca4799,22.09
SPOT,0x2abc1fc26d4ba3171b39041cc2f8880201b90081bfe4b0ce4ffb835ff7c28844,1738178953820,HYPE,Buy,50,0xffffffffffffffffffffffffffffffffffffffff,0xee5c571813227fe7bbeef6fdd9f3e0592aca4799,22.09
SPOT,0x6bb90e48be6eefccdfa1041cc2f88402021800bc5b5cdfdaf426cf0e80bd38c5,1738178953542,HYPE,Buy,34.98,0xffffffffffffffffffffffffffffffffffffffff,0xee5c571813227fe7bbeef6fdd9f3e0592aca4799,22.09
SPOT,0x6529fd86f9b2ab40c8be041cc2f884020217009c617c467a8ad24ddd0dec675f,1738178953542,HYPE,Buy,8.48,0xffffffffffffffffffffffffffffffffffffffff,0xee5c571813227fe7bbeef6fdd9f3e0592aca4799,22.09
SPOT,0x4184b19361ca95a6f449041cc2f884020216000383c20ea992124bde3a80af1c,1738178953542,HYPE,Buy,50,0xffffffffffffffffffffffffffffffffffffffff,0xee5c571813227fe7bbeef6fdd9f3e0592aca4799,22.09
SPOT,0x4f09095d8a0f72d830c0041cc2f884020215001125a00487795eb35b04491b10,1738178953542,HYPE,Buy,45.26,0xffffffffffffffffffffffffffffffffffffffff,0xee5c571813227fe7bbeef6fdd9f3e0592aca4799,22.09
SPOT,0xf0b5ad92971c277b7852041cc2f88202019a004dc589cd8071d20998f74f2b56,1738178953421,HYPE,Buy,200,0xffffffffffffffffffffffffffffffffffffffff,0xee5c571813227fe7bbeef6fdd9f3e0592aca4799,22.09
SPOT,0xcfdfd057b0c45e37306c041cc2f88102013800078ed24f56d5550f7794aaae43,1738178953343,HYPE,Buy,25,0xffffffffffffffffffffffffffffffffffffffff,0xee5c571813227fe7bbeef6fdd9f3e0592aca4799,22.09
SPOT,0x805bf43c5cffb4f99c09041cc2f87e0202c7005beb884b0784f40752fc2bf7e2,1738178953142,HYPE,Buy,17.16,0xffffffffffffffffffffffffffffffffffffffff,0xee5c571813227fe7bbeef6fdd9f3e0592aca4799,22.09
SPOT,0x937da5315f70f402dfeb041cc2f87e0202c6007b10082e87b3004b3a9f4adf44,1738178953142,HYPE,Buy,62.09,0xffffffffffffffffffffffffffffffffffffffff,0xee5c571813227fe7bbeef6fdd9f3e0592aca4799,22.09
SPOT,0xa9c4c68d2d764779ec54041cc2f87e0202c500a686c15e2b514584433a481f0f,1738178953142,HYPE,Buy,309.22,0xffffffffffffffffffffffffffffffffffffffff,0xee5c571813227fe7bbeef6fdd9f3e0592aca4799,22.09
SPOT,0xa5a1e2a5f1edf5f21742041cc2f8780201a100e12d90648d89044de8abe8eec3,1738178952738,HYPE,Buy,25,0xffffffffffffffffffffffffffffffffffffffff,0xee5c571813227fe7bbeef6fdd9f3e0592aca4799,22.09
SPOT,0x21a82a7aa6971d51cd18041cc2f8750201ec005887d412f57141a2deba8a4997,1738178952538,HYPE,Buy,84.04,0xffffffffffffffffffffffffffffffffffffffff,0xee5c571813227fe7bbeef6fdd9f3e0592aca4799,22.09
SPOT,0xfefe7e6e4c4ceefc7336041cc2f8750201eb004538df75fa8eca70ffb00ffe84,1738178952538,HYPE,Buy,36.86,0xffffffffffffffffffffffffffffffffffffffff,0xee5c571813227fe7bbeef6fdd9f3e0592aca4799,22.09
SPOT,0xdf274c5391cbbaeefd2c041cc2f8750201ea003d334bf974ce585563495c1eb2,1738178952538,HYPE,Buy,90.87,0xffffffffffffffffffffffffffffffffffffffff,0xee5c571813227fe7bbeef6fdd9f3e0592aca4799,22.09
SPOT,0xa793c1c086a29a855832041cc2f86c02015500ef283cc88fa2e803ab7fa16fa3,1738178951934,HYPE,Buy,25,0xffffffffffffffffffffffffffffffffffffffff,0xee5c571813227fe7bbeef6fdd9f3e0592aca4799,22.09
SPOT,0x8c81f8cc73e777d77b97041cc2f86102038600106a79fa070ac452f87ddc18d4,1738178951206,HYPE,Buy,25,0xffffffffffffffffffffffffffffffffffffffff,0xee5c571813227fe7bbeef6fdd9f3e0592aca4799,22.09
SPOT,0x45ec5f89c34a29f7f22a041cc2f7a90202d700603e9180c14629adf8dc50791a,1738178935506,HYPE,Buy,35.55,0xffffffffffffffffffffffffffffffffffffffff,0xee5c571813227fe7bbeef6fdd9f3e0592aca4799,22.09
SPOT,0x4ee1610af53fb94daf94041cc2f7a60203b100cbdabfe2650d4a58832250c8e1,1738178935322,HYPE,Buy,22.42,0xffffffffffffffffffffffffffffffffffffffff,0xee5c571813227fe7bbeef6fdd9f3e0592aca4799,22.09
SPOT,0x05ef6c99989feade2d95041cc2f7a002032000b65acaefa2c92e156638ff61f1,1738178934892,HYPE,Buy,45.34,0xffffffffffffffffffffffffffffffffffffffff,0xee5c571813227fe7bbeef6fdd9f3e0592aca4799,22.09
SPOT,0x40f1ba867888b9d86720041cc2f79602012100cc996e90576bcf2a5835cbf863,1738178934180,HYPE,Buy,678.26,0xffffffffffffffffffffffffffffffffffffffff,0xee5c571813227fe7bbeef6fdd9f3e0592aca4799,22.070518208356678
SPOT,0x00a7cad14712c50fc4c2041cc2f1e102018600ea24d00275873108e2dab2a73f,1738178815639,HYPE,Buy,45.19,0xffffffffffffffffffffffffffffffffffffffff,0xee5c571813227fe7bbeef6fdd9f3e0592aca4799,22.13
SPOT,0x8e3eafb576364a1284b8041cc2f1db020152008fe682e54d72533c5727db67c1,1738178815237,HYPE,Buy,22.38,0xffffffffffffffffffffffffffffffffffffffff,0xee5c571813227fe7bbeef6fdd9f3e0592aca4799,22.13
SPOT,0x8e9cca2747d92bb11fe7041cc2f1db02015100dcdbbb2e37019dbe710cd7a2c9,1738178815237,HYPE,Buy,35.22,0xffffffffffffffffffffffffffffffffffffffff,0xee5c571813227fe7bbeef6fdd9f3e0592aca4799,22.13
SPOT,0x81bc864b7fe601558f9e041cc2f1d802011d00c8c683a48455c8bb29d8ff08ad,1738178815034,HYPE,Buy,45.19,0xffffffffffffffffffffffffffffffffffffffff,0xee5c571813227fe7bbeef6fdd9f3e0592aca4799,22.13
SPOT,0x1dff4c8fb089db2d9df3041cc2f1d802011c0082a577730f5c315de44b1ac9cc,1738178815034,HYPE,Buy,4.48,0xffffffffffffffffffffffffffffffffffffffff,0xee5c571813227fe7bbeef6fdd9f3e0592aca4799,22.13
SPOT,0xc9133eeb1aaca87ceb19041cc2f1cf0201f000123888b289060eeee76fd6eb87,1738178814432,HYPE,Buy,10,0xffffffffffffffffffffffffffffffffffffffff,0xee5c571813227fe7bbeef6fdd9f3e0592aca4799,22.13
SPOT,0xf89bd5e5ccb9dfce988d041cc2f1cf0201ef0029f0b595d0dd95819d6dbfb559,1738178814432,HYPE,Buy,10,0xffffffffffffffffffffffffffffffffffffffff,0xee5c571813227fe7bbeef6fdd9f3e0592aca4799,22.13
SPOT,0x5c83c48408f2f1780a15041cc2f1c90202f800a4d89ac2b35d535d4cc5e40d5a,1738178814027,HYPE,Buy,117.8,0xffffffffffffffffffffffffffffffffffffffff,0xee5c571813227fe7bbeef6fdd9f3e0592aca4799,22.13
SPOT,0x97b8f28545859e872911041cc2f1c90202e800ce127724cc162034d9f36f98d9,1738178814027,HYPE,Buy,225.93,0xffffffffffffffffffffffffffffffffffffffff,0xee5c571813227fe7bbeef6fdd9f3e0592aca4799,22.13
SPOT,0x17683652da2ceaf7f2e3041cc2f1c60201bc00bc07b1a3d39280b78776e991fc,1738178813827,HYPE,Buy,10,0xffffffffffffffffffffffffffffffffffffffff,0xee5c571813227fe7bbeef6fdd9f3e0592aca4799,22.13
SPOT,0xa37a625270952ec1c141041cc2f1c302022900280a7be362db4197ebb5ba03ac,1738178813626,HYPE,Buy,225.93,0xffffffffffffffffffffffffffffffffffffffff,0xee5c571813227fe7bbeef6fdd9f3e0592aca4799,22.13
SPOT,0xa018478f6abc0fe23516041cc2f1bd02020000bee1e6f3cb0721aee243a163ca,1738178813228,HYPE,Buy,5.99,0xffffffffffffffffffffffffffffffffffffffff,0xee5c571813227fe7bbeef6fdd9f3e0592aca4799,22.13
SPOT,0x55a242b52ea26a0d7e52041cc2f1ba02039300330129ac4ffa4196a5521fc88b,1738178813022,HYPE,Buy,45.23,0xffffffffffffffffffffffffffffffffffffffff,0xee5c571813227fe7bbeef6fdd9f3e0592aca4799,22.13
SPOT,0x3a877feb1757f3367e75041cc2f1b802014000ad83bccc8d7e78244664ef9464,1738178812883,HYPE,Buy,25,0xffffffffffffffffffffffffffffffffffffffff,0xee5c571813227fe7bbeef6fdd9f3e0592aca4799,22.13
SPOT,0x410e93a093553b43defe041cc2f1b2020100004dd754220668c795581982e25f,1738178812482,HYPE,Buy,485.28999999999996,0xffffffffffffffffffffffffffffffffffffffff,0xee5c571813227fe7bbeef6fdd9f3e0592aca4799,22.119792660058934
SPOT,0xc78c735270273b54b61b041cc2ee1a0203e50069fd2ac3f6c54f73ae1c56745a,1738178740275,HYPE,Buy,47.16,0xffffffffffffffffffffffffffffffffffffffff,0xee5c571813227fe7bbeef6fdd9f3e0592aca4799,22.05
SPOT,0xef65cef9b3e86ce63ea3041cc2ee1a0203e40078b353e8d3a89ccdb6ffe7f6d9,1738178740275,HYPE,Buy,22.7,0xffffffffffffffffffffffffffffffffffffffff,0xee5c571813227fe7bbeef6fdd9f3e0592aca4799,22.05
SPOT,0x40a4778b193b2caf4fc2041cc2ee1a0203e3007dcceb0f41cfcd7cdd9701ae43,1738178740275,HYPE,Buy,10,0xffffffffffffffffffffffffffffffffffffffff,0xee5c571813227fe7bbeef6fdd9f3e0592aca4799,22.05
SPOT,0xa6213ed46b4f07490a5e041cc2ee170203ce002b7b5b62db2dd66a62dee0eb40,1738178740058,HYPE,Buy,10,0xffffffffffffffffffffffffffffffffffffffff,0xee5c571813227fe7bbeef6fdd9f3e0592aca4799,22.05
SPOT,0x78614ecf1ff9d680582e041cc2ee130204b600ce76ee383d2d0445ac248f3e8d,1738178739783,HYPE,Buy,226.75,0xffffffffffffffffffffffffffffffffffffffff,0xee5c571813227fe7bbeef6fdd9f3e0592aca4799,22.05
SPOT,0x7713d487ec3f0cfd4bfc041cc2ee110202f900ff43706174e79a922223682201,1738178739636,HYPE,Buy,45.35,0xffffffffffffffffffffffffffffffffffffffff,0xee5c571813227fe7bbeef6fdd9f3e0592aca4799,22.05
SPOT,0xb4170a5bc027bbf7a973041cc2ee110202f800595891c3502b6abbe0edeba9d9,1738178739636,HYPE,Buy,25,0xffffffffffffffffffffffffffffffffffffffff,0xee5c571813227fe7bbeef6fdd9f3e0592aca4799,22.05
SPOT,0xf6e17b87e9654d203675041cc2ee110202f700148182bdcbecf6474303377aa4,1738178739636,HYPE,Buy,10,0xffffffffffffffffffffffffffffffffffffffff,0xee5c571813227fe7bbeef6fdd9f3e0592aca4799,22.05
SPOT,0xe3f6aba0c6f91a480dc3041cc2ee1002025900428200ace27fd2e0356c8220c9,1738178739579,HYPE,Buy,10,0xffffffffffffffffffffffffffffffffffffffff,0xee5c571813227fe7bbeef6fdd9f3e0592aca4799,22.05
SPOT,0xe81e1711e93872a10b4b041cc2ee0f0203d8004dcaaaa0d427c0ef64528fa3d6,1738178739484,HYPE,Buy,86.03,0xffffffffffffffffffffffffffffffffffffffff,0xee5c571813227fe7bbeef6fdd9f3e0592aca4799,22.05
SPOT,0xb0ee1e545b7378820742041cc2ee0f0203d7003d3eadd81bf53074a623b960e7,1738178739484,HYPE,Buy,22.47,0xffffffffffffffffffffffffffffffffffffffff,0xee5c571813227fe7bbeef6fdd9f3e0592aca4799,22.05
SPOT,0x675b7e4f6befde68ffea041cc2ee0f0203d6000587dc757f68e49ee048a4d52c,1738178739484,HYPE,Buy,0.5,0xffffffffffffffffffffffffffffffffffffffff,0xee5c571813227fe7bbeef6fdd9f3e0592aca4799,22.05
SPOT,0xdd8a149bc38082ff9a9b041cc2ee0f0203d500be614b8986cce0ddf4b74577bf,1738178739484,HYPE,Buy,226.75,0xffffffffffffffffffffffffffffffffffffffff,0xee5c571813227fe7bbeef6fdd9f3e0592aca4799,22.05
SPOT,0x66c702d1d476a976a975041cc2ee0d02053400a3d11ff0cb7f07ca98bffe05b6,1738178739307,HYPE,Buy,4.49,0xffffffffffffffffffffffffffffffffffffffff,0xee5c571813227fe7bbeef6fdd9f3e0592aca4799,22.05
SPOT,0x6db043d3f52573e6b299041cc2ee0902017b0079775579a38e14f220f6d0f695,1738178738903,HYPE,Buy,10,0xffffffffffffffffffffffffffffffffffffffff,0xee5c571813227fe7bbeef6fdd9f3e0592aca4799,22.05
SPOT,0xfe3a1f5476cef96a0894041cc2ee09020179007155f7065ec319013aaa728061,1738178738903,HYPE,Buy,45.35,0xffffffffffffffffffffffffffffffffffffffff,0xee5c571813227fe7bbeef6fdd9f3e0592aca4799,22.05
SPOT,0x7b9690e65615aecec5eb041cc2ee04020346003189913b2c277080d7492526c9,1738178738426,HYPE,Buy,95.26,0xffffffffffffffffffffffffffffffffffffffff,0xee5c571813227fe7bbeef6fdd9f3e0592aca4799,22.05
SPOT,0x713d4a83a5eca6e3bc69041cc2ee0102032f00c2f379451a7a4b8d31fd200a67,1738178738219,HYPE,Buy,25,0xffffffffffffffffffffffffffffffffffffffff,0xee5c571813227fe7bbeef6fdd9f3e0592aca4799,22.05
SPOT,0x086dd857499938f91317041cc2edff02047f002a905a1086c8a13b8f5e5bc739,1738178738070,HYPE,Buy,50,0xffffffffffffffffffffffffffffffffffffffff,0xee5c571813227fe7bbeef6fdd9f3e0592aca4799,22.05
SPOT,0xe9299281c2be31d9a52e041cc2edff02047e002ff542e2c42c90010bda1b5f40,1738178738070,HYPE,Buy,45.35,0xffffffffffffffffffffffffffffffffffffffff,0xee5c571813227fe7bbeef6fdd9f3e0592aca4799,22.05
SPOT,0xedd9cae3b0babbbdbcc3041cc2edff02047d001d8539349c32401abf6a0ae172,1738178738070,HYPE,Buy,43.47,0xffffffffffffffffffffffffffffffffffffffff,0xee5c571813227fe7bbeef6fdd9f3e0592aca4799,22.05
SPOT,0x6df1b70b5da37a62c64b041cc2edff02047c001400c4703b288b764642e7ca32,1738178738070,HYPE,Buy,49.82,0xffffffffffffffffffffffffffffffffffffffff,0xee5c571813227fe7bbeef6fdd9f3e0592aca4799,22.05
SPOT,0xba9b4c18de5a7430f628041cc2edff02047b00786b8206573492272b62d16df9,1738178738070,HYPE,Buy,264.04,0xffffffffffffffffffffffffffffffffffffffff,0xee5c571813227fe7bbeef6fdd9f3e0592aca4799,22.05
SPOT,0xa6748670cf21a20647d1041cc2edff02047a007418b3cf0af9e354b3e823c6e5,1738178738070,HYPE,Buy,346.01,0xffffffffffffffffffffffffffffffffffffffff,0xee5c571813227fe7bbeef6fdd9f3e0592aca4799,22.05
SPOT,0x82687f272f3d95058ec8041cc2edff02047900d3f99d879c6033c97c7f30a4b2,1738178738070,HYPE,Buy,50,0xffffffffffffffffffffffffffffffffffffffff,0xee5c571813227fe7bbeef6fdd9f3e0592aca4799,22.05
SPOT,0x201cbd08382fc4a6cdf6041cc2edff02047800d05a46de53beed18818a0c7cb6,1738178738070,HYPE,Buy,399.99,0xffffffffffffffffffffffffffffffffffffffff,0xee5c571813227fe7bbeef6fdd9f3e0592aca4799,22.05
SPOT,0x64b150b8274bd0946b85041cc2ede702036e00a779d69612d1cc50a344fbc46b,1738178736404,HYPE,Buy,25,0xffffffffffffffffffffffffffffffffffffffff,0xee5c571813227fe7bbeef6fdd9f3e0592aca4799,22.05
SPOT,0xe864896638a11f9f6921041cc2ede501fe00fea2fef6c3a91fcf9684b13a3ea7,1738178736259,HYPE,Buy,0.5,0xffffffffffffffffffffffffffffffffffffffff,0xee5c571813227fe7bbeef6fdd9f3e0592aca4799,22.05
SPOT,0x2a90f6b4183555aa457f041cc2ede202031d00147347a18cc9e8d08d2ece3fc6,1738178736040,HYPE,Buy,50,0xffffffffffffffffffffffffffffffffffffffff,0xee5c571813227fe7bbeef6fdd9f3e0592aca4799,22.05
SPOT,0xbcf13ffaee257b8a579c041cc2ede0020350004fc6baa900d94b4909b52148fd,1738178735840,HYPE,Buy,4.49,0xffffffffffffffffffffffffffffffffffffffff,0xee5c571813227fe7bbeef6fdd9f3e0592aca4799,22.05
SPOT,0xc5db0bb472094e42d130041cc2edde0203b300354a20c9eaae060b379f9600b5,1738178735628,HYPE,Buy,45.35,0xffffffffffffffffffffffffffffffffffffffff,0xee5c571813227fe7bbeef6fdd9f3e0592aca4799,22.05
SPOT,0x44f1f3f3a3cb43639810041cc2edde0203b2007d4457844631629c6771fb9e25,1738178735628,HYPE,Buy,10,0xffffffffffffffffffffffffffffffffffffffff,0xee5c571813227fe7bbeef6fdd9f3e0592aca4799,22.05
SPOT,0x62a06e53355e8a06b32f041cc2edde0203b1007118dea109ebc2c8d7b85d847a,1738178735628,HYPE,Buy,0.28,0xffffffffffffffffffffffffffffffffffffffff,0xee5c571813227fe7bbeef6fdd9f3e0592aca4799,22.05
SPOT,0xaa7d94529585439b18ed041cc2edd80202080033f90c81a8ea58eb9e0dc6594f,1738178735198,HYPE,Buy,25,0xffffffffffffffffffffffffffffffffffffffff,0xee5c571813227fe7bbeef6fdd9f3e0592aca4799,22.05
SPOT,0xb3b1761866cfb46f522f041cc2edd6020316006423b9a1a8dad79b855ec120e3,1738178735055,HYPE,Buy,22.49,0xffffffffffffffffffffffffffffffffffffffff,0xee5c571813227fe7bbeef6fdd9f3e0592aca4799,22.05
SPOT,0x5216a6cab86bf48176a4041cc2edd60203150068f3f15f66289f64dd13136cb5,1738178735055,HYPE,Buy,226.75,0xffffffffffffffffffffffffffffffffffffffff,0xee5c571813227fe7bbeef6fdd9f3e0592aca4799,22.05
SPOT,0x5b644fa390cf851994f2041cc2edd60203140049ff6dea6121e1591c329a70b2,1738178735055,HYPE,Buy,10,0xffffffffffffffffffffffffffffffffffffffff,0xee5c571813227fe7bbeef6fdd9f3e0592aca4799,22.05
SPOT,0xb198a5f931983651d756041cc2edd6020313005299a7fd24045e54c38debf152,1738178735055,HYPE,Buy,0.28,0xffffffffffffffffffffffffffffffffffffffff,0xee5c571813227fe7bbeef6fdd9f3e0592aca4799,22.05
SPOT,0xd60697ae720767fa5c21041cc2edd301dc00d611700f11677092261cd60f8145,1738178734855,HYPE,Buy,192.25,0xffffffffffffffffffffffffffffffffffffffff,0xee5c571813227fe7bbeef6fdd9f3e0592aca4799,22.05
SPOT,0x942581c795f0474f7ade041cc2edd00202d5005c8041af0d25395ba42ea8c590,1738178734653,HYPE,Buy,4.34,0xffffffffffffffffffffffffffffffffffffffff,0xee5c571813227fe7bbeef6fdd9f3e0592aca4799,22.05
SPOT,0x8eda78bc30851b09483f041cc2edd00202cd003580febc616cfe774c922b1c55,1738178734653,HYPE,Buy,10,0xffffffffffffffffffffffffffffffffffffffff,0xee5c571813227fe7bbeef6fdd9f3e0592aca4799,22.05
SPOT,0x45c96a06024a76fe68ac041cc2edce0202db00c5b0d207ed338f3896efbb65b2,1738178734452,HYPE,Buy,25,0xffffffffffffffffffffffffffffffffffffffff,0xee5c571813227fe7bbeef6fdd9f3e0592aca4799,22.05
SPOT,0x7529dc4af499047e9b15041cc2edce0202da000bec61d74532b2bf5d78223895,1738178734452,HYPE,Buy,19.37,0xffffffffffffffffffffffffffffffffffffffff,0xee5c571813227fe7bbeef6fdd9f3e0592aca4799,22.05
SPOT,0xe516ff08f3ff948f99be041cc2edce0202d90085814477d0f0ec10cb227c5aa5,1738178734452,HYPE,Buy,45.41,0xffffffffffffffffffffffffffffffffffffffff,0xee5c571813227fe7bbeef6fdd9f3e0592aca4799,22.05
SPOT,0x1e0d70169ffbeb7aa79c041cc2edce0202d800c1a36522118bffd40b6048c46d,1738178734452,HYPE,Buy,286.58,0xffffffffffffffffffffffffffffffffffffffff,0xee5c571813227fe7bbeef6fdd9f3e0592aca4799,22.05
SPOT,0x3b9f2de987498b5564f8041cc2edcc0203cf005aa28497e529ae13342793bd4e,1738178734250,HYPE,Buy,106.95,0xffffffffffffffffffffffffffffffffffffffff,0xee5c571813227fe7bbeef6fdd9f3e0592aca4799,22.05
SPOT,0xefb2a7fdb556ed5a1922041cc2edcc0203be0046db87cf6f4118cf6f9cab917b,1738178734250,HYPE,Buy,127.78,0xffffffffffffffffffffffffffffffffffffffff,0xee5c571813227fe7bbeef6fdd9f3e0592aca4799,22.05
SPOT,0xae620480645f7a6e76ab041cc2edc802018c004be5f54aeca86418798760aa46,1738178733849,HYPE,Buy,1,0xffffffffffffffffffffffffffffffffffffffff,0xee5c571813227fe7bbeef6fdd9f3e0592aca4799,22.05
SPOT,0xc03ac7eedf92b6a3f34b041cc2edc8020182009280230d8721a5119a6d970431,1738178733849,HYPE,Buy,0.5,0xffffffffffffffffffffffffffffffffffffffff,0xee5c571813227fe7bbeef6fdd9f3e0592aca4799,22.05
SPOT,0x7e69fc44d3c55cf2a718041cc2edc502010a00cd8864c7de0d3850648778bb38,1738178733496,HYPE,Buy,12.06,0xffffffffffffffffffffffffffffffffffffffff,0xee5c571813227fe7bbeef6fdd9f3e0592aca4799,22.05
SPOT,0x59db5339f410ebeb0a3c041cc2edc40202ce006190a6522ce4fc249137469d17,1738178733427,HYPE,Buy,1576.0899999999997,0xffffffffffffffffffffffffffffffffffffffff,0xee5c571813227fe7bbeef6fdd9f3e0592aca4799,22.034206066912425
SPOT,0x7a4cac7bd793ca5fba6a041cc2ecf40203df002d4ce3a6f759747775b2bc2aad,1738178716617,HYPE,order,5000,0xee5c571813227fe7bbeef6fdd9f3e0592aca4799,limit,22
SPOT,0xb276ef6eb34cf579e928041cc2eade0201c4000c0432638082e8dcfd4ea5fc8a,1738178669663,HYPE,Buy,142.62,0xffffffffffffffffffffffffffffffffffffffff,0xee5c571813227fe7bbeef6fdd9f3e0592aca4799,22.08
SPOT,0x51aeecda22a83059452b041cc2ea64020169006a6df77195a24799cc4017f274,1738178660746,HYPE,Buy,1310.01,0xffffffffffffffffffffffffffffffffffffffff,0xee5c571813227fe7bbeef6fdd9f3e0592aca4799,22.08
SPOT,0xe57e2a0cdafd67de5344041cc2e9fe01f800b11a8f6404604c65530da8897ae8,1738178652437,HYPE,Buy,0.5,0xffffffffffffffffffffffffffffffffffffffff,0xee5c571813227fe7bbeef6fdd9f3e0592aca4799,22.08
SPOT,0xfa770709b250d32beeb8041cc2e9fd02055f00d7b4c8f5d1c5b2193c68db6a46,1738178652342,HYPE,Buy,45.29,0xffffffffffffffffffffffffffffffffffffffff,0xee5c571813227fe7bbeef6fdd9f3e0592aca4799,22.08
SPOT,0xfc3a1812db5ea8213bf4041cc2e9f902055f00519296009350c95c4f3e793c2b,1738178651954,HYPE,Buy,199.43,0xffffffffffffffffffffffffffffffffffffffff,0xee5c571813227fe7bbeef6fdd9f3e0592aca4799,22.08
SPOT,0xf6485bc895595996cbb2041cc2e9f70206a000595ffa4f8d583cce5524ccf83b,1738178651754,HYPE,Buy,607.49,0xffffffffffffffffffffffffffffffffffffffff,0xee5c571813227fe7bbeef6fdd9f3e0592aca4799,22.08
SPOT,0xd1d40e9db8b44fc98edc041cc2e9f702069f001ef5fc99d1fe498a63112abd68,1738178651754,HYPE,Buy,45.28,0xffffffffffffffffffffffffffffffffffffffff,0xee5c571813227fe7bbeef6fdd9f3e0592aca4799,22.08
SPOT,0xe52b20a29c0f377420da041cc2e9f202045500d4d151aa7f7a59ec6c5a99452c,1738178651256,HYPE,Buy,10,0xffffffffffffffffffffffffffffffffffffffff,0xee5c571813227fe7bbeef6fdd9f3e0592aca4799,22.08
SPOT,0x7ebdacef9adc6712731a041cc2e9f20204540081357b9be9b0706c060bd472e8,1738178651256,HYPE,Buy,10,0xffffffffffffffffffffffffffffffffffffffff,0xee5c571813227fe7bbeef6fdd9f3e0592aca4799,22.08
SPOT,0xfe106edcc966165176b9041cc2e9f202045300d10d3d8994d8e569adde8a9ef6,1738178651256,HYPE,Buy,50,0xffffffffffffffffffffffffffffffffffffffff,0xee5c571813227fe7bbeef6fdd9f3e0592aca4799,22.08
SPOT,0xd7bc3ef4b2496c2a5263041cc2e9f202045200a79cfd6b0fda67a90679481d64,1738178651256,HYPE,Buy,5.07,0xffffffffffffffffffffffffffffffffffffffff,0xee5c571813227fe7bbeef6fdd9f3e0592aca4799,22.08
SPOT,0x0b72497dfeada2b06244041cc2e9f202045100225f63ddc339b1709f4c08de76,1738178651256,HYPE,Buy,111.09,0xffffffffffffffffffffffffffffffffffffffff,0xee5c571813227fe7bbeef6fdd9f3e0592aca4799,22.08
SPOT,0x93aa0b82fa7eaaa4dc69041cc2e9f2020450002070e1ad80e779e7f17eb8f3a6,1738178651256,HYPE,Buy,411.13,0xffffffffffffffffffffffffffffffffffffffff,0xee5c571813227fe7bbeef6fdd9f3e0592aca4799,22.08
SPOT,0x8845c93b84d06139190e041cc2e9f002068b009f68f749b10554cb6285c97fe1,1738178651132,HYPE,Buy,48.91,0xffffffffffffffffffffffffffffffffffffffff,0xee5c571813227fe7bbeef6fdd9f3e0592aca4799,22.08
SPOT,0x553ec354199343b15b28041cc2e9f002068900bb92a01b3eb93739e11d849f55,1738178651132,HYPE,Buy,4.79,0xffffffffffffffffffffffffffffffffffffffff,0xee5c571813227fe7bbeef6fdd9f3e0592aca4799,22.08
SPOT,0xd25c3e444b7cc650c25c041cc2e9f002068800023e43a1dfcba8f8b126f11152,1738178651132,HYPE,Buy,4.82,0xffffffffffffffffffffffffffffffffffffffff,0xee5c571813227fe7bbeef6fdd9f3e0592aca4799,22.08
SPOT,0x89580db3f37dd57563e1041cc2e9f002068700bbb3dae8d519f64b3e6a05f115,1738178651132,HYPE,Buy,104.27,0xffffffffffffffffffffffffffffffffffffffff,0xee5c571813227fe7bbeef6fdd9f3e0592aca4799,22.08
SPOT,0xd1a0a868d0fde71104c9041cc2e9ee0203ff006f5e3086a04de3a4f11b2ee5cf,1738178650928,HYPE,Buy,31.23,0xffffffffffffffffffffffffffffffffffffffff,0xee5c571813227fe7bbeef6fdd9f3e0592aca4799,22.08
SPOT,0xfc8b966e84167e371844041cc2e9ec0205d00098e1731b3ac6298dec591a662b,1738178650729,HYPE,Buy,1,0xffffffffffffffffffffffffffffffffffffffff,0xee5c571813227fe7bbeef6fdd9f3e0592aca4799,22.08
SPOT,0x17efe700dcf7aa4e1592041cc2e9ec0205c7009dce56a3086e320d417033d005,1738178650729,HYPE,Buy,192.71,0xffffffffffffffffffffffffffffffffffffffff,0xee5c571813227fe7bbeef6fdd9f3e0592aca4799,22.08
SPOT,0x563ad44a6574630d4021041cc2e9ec0205c6006fc5f6dd114382525333979d72,1738178650729,HYPE,Buy,10,0xffffffffffffffffffffffffffffffffffffffff,0xee5c571813227fe7bbeef6fdd9f3e0592aca4799,22.08
SPOT,0x972487ebbf7a9227cc36041cc2e9ec0205c50040506bdf879e1b4d78711c5ede,1738178650729,HYPE,Buy,10,0xffffffffffffffffffffffffffffffffffffffff,0xee5c571813227fe7bbeef6fdd9f3e0592aca4799,22.08
SPOT,0x7f92e5324e045d3b75de041cc2e9ea0207e200409ff7213891ea8c81e63fae27,1738178650528,HYPE,Buy,6.11,0xffffffffffffffffffffffffffffffffffffffff,0xee5c571813227fe7bbeef6fdd9f3e0592aca4799,22.08
SPOT,0xbf360f329380da4ee8c5041cc2e9ea0207e100a3960a35ea83aa479b58ad5199,1738178650528,HYPE,Buy,6.12,0xffffffffffffffffffffffffffffffffffffffff,0xee5c571813227fe7bbeef6fdd9f3e0592aca4799,22.08
SPOT,0x61162ab79a5e6c23f86d041cc2e9ea0207df003db0fc529bad28a3ae59cf4ded,1738178650528,HYPE,Buy,479.62,0xffffffffffffffffffffffffffffffffffffffff,0xee5c571813227fe7bbeef6fdd9f3e0592aca4799,22.08
SPOT,0xad7ce8cc1838816303af041cc2e9e601fa00ac60a5d4a860dac6ce35e1f1abfb,1738178650152,HYPE,Buy,226.44,0xffffffffffffffffffffffffffffffffffffffff,0xee5c571813227fe7bbeef6fdd9f3e0592aca4799,22.08
SPOT,0x6cd0f91f7f3c5ffee58e041cc2e9e502043a008a3abfd706b82466b525b10745,1738178650084,HYPE,Buy,10,0xffffffffffffffffffffffffffffffffffffffff,0xee5c571813227fe7bbeef6fdd9f3e0592aca4799,22.08
SPOT,0x5eacadad622237f820f4041cc2e9e5020439004a69ab24a712e0168d6072436d,1738178650084,HYPE,Buy,10,0xffffffffffffffffffffffffffffffffffffffff,0xee5c571813227fe7bbeef6fdd9f3e0592aca4799,22.08
SPOT,0x692f1e042c85b806e426041cc2e9e502042500035b36972e610db8464393f29b,1738178650084,HYPE,Buy,221.44,0xffffffffffffffffffffffffffffffffffffffff,0xee5c571813227fe7bbeef6fdd9f3e0592aca4799,22.08
SPOT,0x4c17673f2dfb0a714679041cc2e9e302024300270d249f500636e088dde8b3f4,1738178649925,HYPE,Buy,7.07,0xffffffffffffffffffffffffffffffffffffffff,0xee5c571813227fe7bbeef6fdd9f3e0592aca4799,22.08
SPOT,0x3ed479edf7b43dd2d0a0041cc2e9e30202420072261c89515d2280040e760d52,1738178649925,HYPE,Buy,7.08,0xffffffffffffffffffffffffffffffffffffffff,0xee5c571813227fe7bbeef6fdd9f3e0592aca4799,22.08
SPOT,0xd49a252a0e4f130fa55e041cc2e9e30202410048e055a6a4ce09eb19550707c2,1738178649925,HYPE,Buy,7.1,0xffffffffffffffffffffffffffffffffffffffff,0xee5c571813227fe7bbeef6fdd9f3e0592aca4799,22.08
SPOT,0x1317f64da6ea45dba970041cc2e9e102037e00e94b75ec7b4a74499a1d683d9d,1738178649724,HYPE,Buy,14.11,0xffffffffffffffffffffffffffffffffffffffff,0xee5c571813227fe7bbeef6fdd9f3e0592aca4799,22.08
SPOT,0x89d3a62136cc71d81fa8041cc2e9d90206310016c6030bcc7c5985beb043f297,1738178648919,HYPE,Buy,649.27,0xffffffffffffffffffffffffffffffffffffffff,0xee5c571813227fe7bbeef6fdd9f3e0592aca4799,22.068552405008703
SPOT,0x94352b41041b283a007c041cc2e56c02028600821e95a70f01b6883162485894,1738178556592,HYPE,Buy,2000,0xffffffffffffffffffffffffffffffffffffffff,0xee5c571813227fe7bbeef6fdd9f3e0592aca4799,22.18385976
SPOT,0xef627f0e9eeaae692235041cc2e43b0204dd00091d92a86cbd64e0809cc8b157,1738178532049,HYPE,Buy,2000,0xffffffffffffffffffffffffffffffffffffffff,0xee5c571813227fe7bbeef6fdd9f3e0592aca4799,22.18367048
SPOT,0x98079f7bd9511efa8fe3041cc2e2d10202f700528596f27651cc969711293459,1738178502331,HYPE,Buy,108.48,0xffffffffffffffffffffffffffffffffffffffff,0xee5c571813227fe7bbeef6fdd9f3e0592aca4799,22.131
SPOT,0xeccb0d091acf54b8a812041cc2e2d10202f60041c575c9a9a8136fef6bb3f0ed,1738178502331,HYPE,Buy,275.62,0xffffffffffffffffffffffffffffffffffffffff,0xee5c571813227fe7bbeef6fdd9f3e0592aca4799,22.131
SPOT,0xb00261839e52baab8dbd041cc2e2aa02025300912fd4507822937f98822dd4f8,1738178499321,HYPE,Buy,225.92,0xffffffffffffffffffffffffffffffffffffffff,0xee5c571813227fe7bbeef6fdd9f3e0592aca4799,22.131
SPOT,0x83a4eaf9110ba7153e5d041cc2e2aa0202470014bcca6d1a221c795cbcacb43a,1738178499321,HYPE,Buy,6.4,0xffffffffffffffffffffffffffffffffffffffff,0xee5c571813227fe7bbeef6fdd9f3e0592aca4799,22.131
SPOT,0x01168292ba36244303bd041cc2e2a60201af00252444f622da301b681b73fa1d,1738178498918,HYPE,Buy,399.99,0xffffffffffffffffffffffffffffffffffffffff,0xee5c571813227fe7bbeef6fdd9f3e0592aca4799,22.131
SPOT,0xf17cdd4622a7b1072196041cc2e2a60201ae004b2b3a1d3b6daa3d561d26f04f,1738178498918,HYPE,Buy,6.41,0xffffffffffffffffffffffffffffffffffffffff,0xee5c571813227fe7bbeef6fdd9f3e0592aca4799,22.131
SPOT,0xb2565937c9a63e4f3f69041cc2e2a402023d00658e0c814cba579ccb881c5cc5,1738178498717,HYPE,Buy,45.27,0xffffffffffffffffffffffffffffffffffffffff,0xee5c571813227fe7bbeef6fdd9f3e0592aca4799,22.131
SPOT,0x8a7ac7188fd842501a9d041cc2e2a402023c004576c20a08b05a55c41ec8d56b,1738178498717,HYPE,Buy,27.88,0xffffffffffffffffffffffffffffffffffffffff,0xee5c571813227fe7bbeef6fdd9f3e0592aca4799,22.131
SPOT,0x27f16b869020349d33f8041cc2e2a402023b0032601ae66ede927e4d6b9ac5ee,1738178498717,HYPE,Buy,6.19,0xffffffffffffffffffffffffffffffffffffffff,0xee5c571813227fe7bbeef6fdd9f3e0592aca4799,22.131
SPOT,0x4bb0e650100edbb2e824041cc2e2a301c900449e68fde46654f5f0b6c1aa63e8,1738178498604,HYPE,Buy,230,0xffffffffffffffffffffffffffffffffffffffff,0xee5c571813227fe7bbeef6fdd9f3e0592aca4799,22.131
SPOT,0x8b5286b0cbd28ad9e9c0041cc2e29c0202280017ece4ebf95fc2d4cfb70d9e92,1738178498075,HYPE,Buy,1719.4799999999998,0xffffffffffffffffffffffffffffffffffffffff,0xee5c571813227fe7bbeef6fdd9f3e0592aca4799,22.1174939981855
TRANSFER,0xdac82d00d85521256ee0041cc2e137020111005db2012395d12709fe55be31cf,1738178469323,USDC,InternalTransfer,519229.82,PERP,SPOT,1
DEPOSIT,0x3dce678b1be530552a5166a5343701489a5653cabe7fe67b8bc3d4baf1cb88fc,1738178447420,USDC,Deposit,519229.82,Arbitrum,0xee5c571813227fe7bbeef6fdd9f3e0592aca4799,1
FAILED,0x73fb3374ace0c7cbc7fb041cc2e02a0202e300555dff2a410f5f67adaa432001,1738178447420,-,VoteEthDepositAction,,0xee5c571813227fe7bbeef6fdd9f3e0592aca4799,Deposit has already been credited.,
SPOT,0x4ba84e86748a4a0debf6041cc2cda70206dd00cf87ed05e3acd204b4d400e837,1738178069059,HYPE,Buy,3240.85,0xffffffffffffffffffffffffffffffffffffffff,0xee5c571813227fe7bbeef6fdd9f3e0592aca4799,22.44220861193822
SPOT,0xfe7c4c58d658ed72ae0f041cc2cc840206be00eb65a67ef4380fc553a628c308,1738178045037,HYPE,Buy,8.88,0xffffffffffffffffffffffffffffffffffffffff,0xee5c571813227fe7bbeef6fdd9f3e0592aca4799,22.26
SPOT,0x8992052a847c25804852041cc2cc590205360096bb658a1b0a7ad5ed1dc11369,1738178041845,HYPE,Buy,22.49,0xffffffffffffffffffffffffffffffffffffffff,0xee5c571813227fe7bbeef6fdd9f3e0592aca4799,22.26
SPOT,0xab82f75bf3e8f1852890041cc2cc540201ad000643a8404302af8d2b65a871f0,1738178041323,HYPE,Buy,18.38,0xffffffffffffffffffffffffffffffffffffffff,0xee5c571813227fe7bbeef6fdd9f3e0592aca4799,22.254
SPOT,0xd9bbe323d56bc9e42e94041cc2ca610201e2004f8c6553f4dbf71fb58b73e940,1738177998774,HYPE,Buy,23.83,0xffffffffffffffffffffffffffffffffffffffff,0xee5c571813227fe7bbeef6fdd9f3e0592aca4799,22.27
SPOT,0xaf968fb716974d680aa4041cc2ca600201a9009bb57e6a978eec0b5ecc34d661,1738177998709,HYPE,Buy,6.21,0xffffffffffffffffffffffffffffffffffffffff,0xee5c571813227fe7bbeef6fdd9f3e0592aca4799,22.27
SPOT,0x0116d451af7567f8dcfb041cc2ca600201a800df51211fe1c0f8773f93af4d03,1738177998709,HYPE,Buy,13.25,0xffffffffffffffffffffffffffffffffffffffff,0xee5c571813227fe7bbeef6fdd9f3e0592aca4799,22.27
SPOT,0x977c989cea9b7900baf8041cc2ca600201a70025405b774207d3d1eef5308e3e,1738177998709,HYPE,Buy,10,0xffffffffffffffffffffffffffffffffffffffff,0xee5c571813227fe7bbeef6fdd9f3e0592aca4799,22.27
SPOT,0xdd1132b188213b486acf041cc2ca600201a6002d8ddde7c2c722b9e333367ae2,1738177998709,HYPE,Buy,59.21,0xffffffffffffffffffffffffffffffffffffffff,0xee5c571813227fe7bbeef6fdd9f3e0592aca4799,22.27
SPOT,0xdb2157c3e7e8023cacce041cc2ca600201a5008495afc30389092c6d0b81cf30,1738177998709,HYPE,Buy,585.68,0xffffffffffffffffffffffffffffffffffffffff,0xee5c571813227fe7bbeef6fdd9f3e0592aca4799,22.27
SPOT,0xe70b0906700661b28c85041cc2ca5d02036000eb95b716b53e33545e93af84f6,1738177998511,HYPE,Buy,19.65,0xffffffffffffffffffffffffffffffffffffffff,0xee5c571813227fe7bbeef6fdd9f3e0592aca4799,22.27
SPOT,0xbb57ba6b1b1dcc2a5080041cc2ca5d02035f0101052d34b5fa217af7e37ff695,1738177998511,HYPE,Buy,79.71,0xffffffffffffffffffffffffffffffffffffffff,0xee5c571813227fe7bbeef6fdd9f3e0592aca4799,22.27
SPOT,0x619b73d733ad9083a3e5041cc2ca550204fe007739c490a46b417a918a987521,1738177997925,HYPE,Buy,1503.98,0xffffffffffffffffffffffffffffffffffffffff,0xee5c571813227fe7bbeef6fdd9f3e0592aca4799,22.27
SPOT,0x252ec7f81068c9cff1b8041cc2ca5302045b0048b626b2aa07a6906ac5f1bd17,1738177997724,HYPE,Buy,2698.4799999999996,0xffffffffffffffffffffffffffffffffffffffff,0xee5c571813227fe7bbeef6fdd9f3e0592aca4799,22.25365377545878
SPOT,0x443db5dbd09b520fd448041cc2c7ff02040a00fd4796baf2dc65d3784499d7bc,1738177952096,HYPE,Buy,3138.16,0xffffffffffffffffffffffffffffffffffffffff,0xee5c571813227fe7bbeef6fdd9f3e0592aca4799,22.21
SPOT,0x178c07d424427064cc01041cc2c73402040a00d5a461fc037bddb67d5f7749ed,1738177936281,HYPE,Buy,9.99,0xffffffffffffffffffffffffffffffffffffffff,0xee5c571813227fe7bbeef6fdd9f3e0592aca4799,22.21
SPOT,0xddb9e7b3834499df30dd041cc2c734020409006fd825e202216a3959a8814897,1738177936281,HYPE,Buy,0.5,0xffffffffffffffffffffffffffffffffffffffff,0xee5c571813227fe7bbeef6fdd9f3e0592aca4799,22.21
SPOT,0xfd10d3db654d7529cda8041cc2c73102053800e3f432a20f018606bc6008f6d2,1738177935992,HYPE,Buy,50,0xffffffffffffffffffffffffffffffffffffffff,0xee5c571813227fe7bbeef6fdd9f3e0592aca4799,22.21
SPOT,0x426dac00a2af14326e97041cc2c7280203fa00fa80fa472ca625ece6caa5c909,1738177935243,HYPE,Buy,4.46,0xffffffffffffffffffffffffffffffffffffffff,0xee5c571813227fe7bbeef6fdd9f3e0592aca4799,22.21
SPOT,0xfdf1c2998ce26a9999c8041cc2c7270203fe008abf157749804acf0eacc1eef5,1738177935161,HYPE,Buy,45.02,0xffffffffffffffffffffffffffffffffffffffff,0xee5c571813227fe7bbeef6fdd9f3e0592aca4799,22.21
SPOT,0x3c17a4252ab6ef063a3e041cc2c7250203e600bff5785ca0f1250e2504283e95,1738177934962,HYPE,Buy,93.28,0xffffffffffffffffffffffffffffffffffffffff,0xee5c571813227fe7bbeef6fdd9f3e0592aca4799,22.21
SPOT,0x1f938974eada646b3a8b041cc2c7250203e500b852c049225ac03452365179d6,1738177934962,HYPE,Buy,22.29,0xffffffffffffffffffffffffffffffffffffffff,0xee5c571813227fe7bbeef6fdd9f3e0592aca4799,22.21
SPOT,0xc88c1224585a472ff955041cc2c7230204b300376fc08edf7dc5408c72c92a93,1738177934820,HYPE,Buy,133.1,0xffffffffffffffffffffffffffffffffffffffff,0xee5c571813227fe7bbeef6fdd9f3e0592aca4799,22.21
SPOT,0xba8e79553101a9953123041cc2c7200202fa00e327a3d7f7823defc6bdd7c41b,1738177934595,HYPE,Buy,5,0xffffffffffffffffffffffffffffffffffffffff,0xee5c571813227fe7bbeef6fdd9f3e0592aca4799,22.21
SPOT,0x096ae78bee15e6db72f8041cc2c71b0201fb009b33d59c480bf4a21286d076a5,1738177934245,HYPE,Buy,5,0xffffffffffffffffffffffffffffffffffffffff,0xee5c571813227fe7bbeef6fdd9f3e0592aca4799,22.21
SPOT,0xad98ef4b88c7e7020ce1041cc2c7190203e700edacbe976fa75953153bfaff58,1738177934112,HYPE,Buy,500,0xffffffffffffffffffffffffffffffffffffffff,0xee5c571813227fe7bbeef6fdd9f3e0592aca4799,22.21
SPOT,0x77d3fadcca9dbbc65eef041cc2c70f0203e50036ed8eebde7ecb89011956b000,1738177933497,HYPE,Buy,50,0xffffffffffffffffffffffffffffffffffffffff,0xee5c571813227fe7bbeef6fdd9f3e0592aca4799,22.21
SPOT,0xe2c1265490b56107bcf5041cc2c70f0203e1004d7a7fe1812cf1d264eca7c7bf,1738177933497,HYPE,Buy,45.01,0xffffffffffffffffffffffffffffffffffffffff,0xee5c571813227fe7bbeef6fdd9f3e0592aca4799,22.21
SPOT,0xf15f5b931a8ca3fff472041cc2c6b80202790020104354c7505045c4ef24c8c4,1738177927189,HYPE,Buy,9.99,0xffffffffffffffffffffffffffffffffffffffff,0xee5c571813227fe7bbeef6fdd9f3e0592aca4799,22.21
SPOT,0xa2c2799821712ad04acc041cc2c6b60202790013976b344ed0a79adcce3ed360,1738177926988,HYPE,Buy,0.5,0xffffffffffffffffffffffffffffffffffffffff,0xee5c571813227fe7bbeef6fdd9f3e0592aca4799,22.21
SPOT,0x8f41562646a5565525bb041cc2c6b302046d00a5a25a70b1b3e9aab1456a9aa3,1738177926659,HYPE,Buy,12.57,0xffffffffffffffffffffffffffffffffffffffff,0xee5c571813227fe7bbeef6fdd9f3e0592aca4799,22.21
SPOT,0x329b17392dbda8080c61041cc2c6af02033e0099c3f8a51c0cf4dfb3a0fc7bd2,1738177926245,HYPE,Buy,14.54,0xffffffffffffffffffffffffffffffffffffffff,0xee5c571813227fe7bbeef6fdd9f3e0592aca4799,22.21
SPOT,0x81b121c89311a54eba09041cc2c6ad02020100ccd0eedb0e9e8c3a1e4abf7f1e,1738177926012,HYPE,Buy,10,0xffffffffffffffffffffffffffffffffffffffff,0xee5c571813227fe7bbeef6fdd9f3e0592aca4799,22.21
SPOT,0x821e538b4cfc9e1733c8041cc2c6ad02020000666e2e5f56a87621cde1f25df3,1738177926012,HYPE,Buy,10,0xffffffffffffffffffffffffffffffffffffffff,0xee5c571813227fe7bbeef6fdd9f3e0592aca4799,22.21
SPOT,0x1235916738b80bb884fa041cc2c6ab020621008c1d847f229f752950860a0008,1738177925648,HYPE,Buy,15.28,0xffffffffffffffffffffffffffffffffffffffff,0xee5c571813227fe7bbeef6fdd9f3e0592aca4799,22.21
SPOT,0x8afd8bb10d2cdd3cd8b8041cc2c6a902074100d1eedc10d262afba96a7fb501e,1738177925420,HYPE,Buy,225.12,0xffffffffffffffffffffffffffffffffffffffff,0xee5c571813227fe7bbeef6fdd9f3e0592aca4799,22.21
SPOT,0xd4d25989b3c3cc4e1d24041cc2c6a902074000dd3aebc16c4636fd78745da75e,1738177925420,HYPE,Buy,10,0xffffffffffffffffffffffffffffffffffffffff,0xee5c571813227fe7bbeef6fdd9f3e0592aca4799,22.21
SPOT,0xc6934b6b4144df4b5f11041cc2c6a902070e00ca76a833675bbdc6fa59423460,1738177925420,HYPE,Buy,225.12,0xffffffffffffffffffffffffffffffffffffffff,0xee5c571813227fe7bbeef6fdd9f3e0592aca4799,22.21
SPOT,0xe12823e486cdf5c4eb63041cc2c69d020368007af0dc62760f177b21b80ffcea,1738177923849,HYPE,Buy,283.70000000000005,0xffffffffffffffffffffffffffffffffffffffff,0xee5c571813227fe7bbeef6fdd9f3e0592aca4799,22.201611984490658
SPOT,0xa07a8debe17ec1651e7a041cc2bd8a0201ba009913543b6a7d8cfad460068c11,1738177735517,HYPE,Buy,1500,0xffffffffffffffffffffffffffffffffffffffff,0xee5c571813227fe7bbeef6fdd9f3e0592aca4799,22.48873294
SPOT,0x1676f32dd38d81787a2e041cc2bb4b02025f00cba6645c1c9201912fcfb84c64,1738177689715,HYPE,Buy,594.3,0xffffffffffffffffffffffffffffffffffffffff,0xee5c571813227fe7bbeef6fdd9f3e0592aca4799,22.41
SPOT,0x42ec29d1ffd0fc600a5c041cc2baba02021300d62481503f2c961cb9fc4db6e9,1738177678268,HYPE,Buy,5,0xffffffffffffffffffffffffffffffffffffffff,0xee5c571813227fe7bbeef6fdd9f3e0592aca4799,22.41
SPOT,0xc89f74523adb8dad71de041cc2bab902025e00e8e1f250e2dc6eff549d7efa18,1738177678141,HYPE,Buy,27.48,0xffffffffffffffffffffffffffffffffffffffff,0xee5c571813227fe7bbeef6fdd9f3e0592aca4799,22.41
SPOT,0xbf7ef77deddaaa8d91b0041cc2bab20201e900fa79221028c1c2c5988fc1a463,1738177677522,HYPE,Buy,0.49,0xffffffffffffffffffffffffffffffffffffffff,0xee5c571813227fe7bbeef6fdd9f3e0592aca4799,22.41
SPOT,0xa000cb49e51ebd336ca5041cc2bab20201e8001ad8f2267603446753e093118a,1738177677522,HYPE,Buy,50,0xffffffffffffffffffffffffffffffffffffffff,0xee5c571813227fe7bbeef6fdd9f3e0592aca4799,22.41
SPOT,0x7518075939a4598ea63a041cc2bab20201e700b7b884374c32096280c7298196,1738177677522,HYPE,Buy,500,0xffffffffffffffffffffffffffffffffffffffff,0xee5c571813227fe7bbeef6fdd9f3e0592aca4799,22.41
SPOT,0x3a5969f3c06a56ed9880041cc2bab002026600f65c2fa36896827271da1ae39e,1738177677322,HYPE,Buy,1002.47,0xffffffffffffffffffffffffffffffffffffffff,0xee5c571813227fe7bbeef6fdd9f3e0592aca4799,22.41
SPOT,0xbc142ff87206d65b17b4041cc2bab002026501010b122f68f3b317bc07dccb27,1738177677322,HYPE,Buy,158.43,0xffffffffffffffffffffffffffffffffffffffff,0xee5c571813227fe7bbeef6fdd9f3e0592aca4799,22.41
SPOT,0x03be28facfd5f3d0565d041cc2bab0020265006e160d3a50a4f28ce6b50d70d6,1738177677322,HYPE,Buy,349.79,0xffffffffffffffffffffffffffffffffffffffff,0xee5c571813227fe7bbeef6fdd9f3e0592aca4799,22.41
SPOT,0x0130d1fa12df0d5afc30041cc2bab00202640084a5ce21a779f759258e654075,1738177677322,HYPE,Buy,186.07,0xffffffffffffffffffffffffffffffffffffffff,0xee5c571813227fe7bbeef6fdd9f3e0592aca4799,22.41
SPOT,0x532c3aa8acdf1bbf1048041cc2bab002026300075e60f8233e73951463ba2c4f,1738177677322,HYPE,Buy,651.09,0xffffffffffffffffffffffffffffffffffffffff,0xee5c571813227fe7bbeef6fdd9f3e0592aca4799,22.41
SPOT,0x70d3388da5f36662b384041cc2bab002026200a321b0eb45b6280c3de74d77f5,1738177677322,HYPE,Buy,44.12,0xffffffffffffffffffffffffffffffffffffffff,0xee5c571813227fe7bbeef6fdd9f3e0592aca4799,22.41
SPOT,0xed838d431b56f868c32b041cc2ba720203440089fde0bcdd0ec6707a94ef9754,1738177671663,HYPE,order,4985.68,0xee5c571813227fe7bbeef6fdd9f3e0592aca4799,limit,22.41
SPOT,0xc0083209bdb5eb38ffd8041cc2b98102059a00976d06a0689ad72016504d7cbc,1738177652409,HYPE,Buy,198.45,0xffffffffffffffffffffffffffffffffffffffff,0xee5c571813227fe7bbeef6fdd9f3e0592aca4799,22.43
SPOT,0x0717a996a8b20948f710041cc2b98102059800bd808370b5fab1cde519a888a4,1738177652409,HYPE,Buy,40,0xffffffffffffffffffffffffffffffffffffffff,0xee5c571813227fe7bbeef6fdd9f3e0592aca4799,22.43
SPOT,0x8627686433300b9e0490041cc2b98102059700114bf83db622eedb1854d7eb63,1738177652409,HYPE,Buy,10,0xffffffffffffffffffffffffffffffffffffffff,0xee5c571813227fe7bbeef6fdd9f3e0592aca4799,22.43
SPOT,0x07bb39add273afecdd85041cc2b98102057b009166fb4e85ba49439cc4dceaee,1738177652409,HYPE,Buy,1,0xffffffffffffffffffffffffffffffffffffffff,0xee5c571813227fe7bbeef6fdd9f3e0592aca4799,22.43
SPOT,0xe3e7eee9ab8d76141191041cc2b98102057a00c2869ee8ec49727523f3c567f5,1738177652409,HYPE,Buy,2.47,0xffffffffffffffffffffffffffffffffffffffff,0xee5c571813227fe7bbeef6fdd9f3e0592aca4799,22.43
SPOT,0xcfd75d293b95e82c1632041cc2b981020579008d02e6c0ad541d508e4a61753d,1738177652409,HYPE,Buy,222.91,0xffffffffffffffffffffffffffffffffffffffff,0xee5c571813227fe7bbeef6fdd9f3e0592aca4799,22.43
SPOT,0x439e79d904cc188263d0041cc2b97d02037d00a675ab9e36ffa63543482a561b,1738177652010,HYPE,Buy,25,0xffffffffffffffffffffffffffffffffffffffff,0xee5c571813227fe7bbeef6fdd9f3e0592aca4799,22.43
SPOT,0xfa783d9eb1b5f3c2b8cc041cc2b97d02037c002f1828d5b9c84112c25228200f,1738177652010,HYPE,Buy,115.85,0xffffffffffffffffffffffffffffffffffffffff,0xee5c571813227fe7bbeef6fdd9f3e0592aca4799,22.43
SPOT,0xfa6e1859aed8ed2af315041cc2b97d02037b0091f610b522a9c2cf57736bfc70,1738177652010,HYPE,Buy,4.34,0xffffffffffffffffffffffffffffffffffffffff,0xee5c571813227fe7bbeef6fdd9f3e0592aca4799,22.43
SPOT,0x09479bdd8ffa7447ac2d041cc2b97d02037a0030300a844ed4a429311559a252,1738177652010,HYPE,Buy,489.68,0xffffffffffffffffffffffffffffffffffffffff,0xee5c571813227fe7bbeef6fdd9f3e0592aca4799,22.43
SPOT,0xf82120b0b8892ea62283041cc2b97d02037900b2b9a075aed3f217908389c9b9,1738177652010,HYPE,Buy,60.18,0xffffffffffffffffffffffffffffffffffffffff,0xee5c571813227fe7bbeef6fdd9f3e0592aca4799,22.43
SPOT,0x94b0e4c7c9f0fa41a737041cc2b97d02037800e1f24f08143c1972a53d04c3c8,1738177652010,HYPE,Buy,116.66,0xffffffffffffffffffffffffffffffffffffffff,0xee5c571813227fe7bbeef6fdd9f3e0592aca4799,22.43
SPOT,0xd555c28fae2869d9fbc6041cc2b97b020385000bbe24cffe20da2fe7ff6f9682,1738177651807,HYPE,Buy,105.08,0xffffffffffffffffffffffffffffffffffffffff,0xee5c571813227fe7bbeef6fdd9f3e0592aca4799,22.43
SPOT,0xb90292a8950a50578a13041cc2b97b0203840099133b2fd961ef3302ab9bce90,1738177651807,HYPE,Buy,7.15,0xffffffffffffffffffffffffffffffffffffffff,0xee5c571813227fe7bbeef6fdd9f3e0592aca4799,22.43
SPOT,0x562aef1c0ea8d53fdc0d041cc2b97b02038300085c8f680f4639e22e4cb1b0d7,1738177651807,HYPE,Buy,44.7,0xffffffffffffffffffffffffffffffffffffffff,0xee5c571813227fe7bbeef6fdd9f3e0592aca4799,22.43
SPOT,0x98a3e243ea6f46da4d56041cc2b97b02038201011166cfdfe3277e254c887b48,1738177651807,HYPE,Buy,498.18,0xffffffffffffffffffffffffffffffffffffffff,0xee5c571813227fe7bbeef6fdd9f3e0592aca4799,22.43
SPOT,0x073af4fe4b2ce1fd47be041cc2b97b02038100eebe699f9294ab2d87c08f8f41,1738177651807,HYPE,Buy,16.77,0xffffffffffffffffffffffffffffffffffffffff,0xee5c571813227fe7bbeef6fdd9f3e0592aca4799,22.43
SPOT,0xfb700164198d8a4f63e4041cc2b97b020380002879c4e9039b9af06555cae870,1738177651807,HYPE,Buy,239.08,0xffffffffffffffffffffffffffffffffffffffff,0xee5c571813227fe7bbeef6fdd9f3e0592aca4799,22.43
SPOT,0xcd45de5c95e14f147d45041cc2b97b02037f00a8514a8782660ab9a8b4f517d1,1738177651807,HYPE,Buy,30.92,0xffffffffffffffffffffffffffffffffffffffff,0xee5c571813227fe7bbeef6fdd9f3e0592aca4799,22.43
SPOT,0x543798628790c6eb0df0041cc2b97b02037e001f035b51934772840749e4c5fd,1738177651807,HYPE,Buy,8.48,0xffffffffffffffffffffffffffffffffffffffff,0xee5c571813227fe7bbeef6fdd9f3e0592aca4799,22.43
SPOT,0xf595bf9751288b518bed041cc2b97b02037d00f9a012af0d410d14e20fdbbdd0,1738177651807,HYPE,Buy,12.72,0xffffffffffffffffffffffffffffffffffffffff,0xee5c571813227fe7bbeef6fdd9f3e0592aca4799,22.43
SPOT,0xeb6cacf2c31157970157041cc2b97b02037c00eb9c5acd4e184095f8304baf2a,1738177651807,HYPE,Buy,94.29,0xffffffffffffffffffffffffffffffffffffffff,0xee5c571813227fe7bbeef6fdd9f3e0592aca4799,22.43
SPOT,0x199a9dbd34e22ce46aad041cc2b97b02037b007966fb4c8189600ba090f7bf1d,1738177651807,HYPE,Buy,68.83,0xffffffffffffffffffffffffffffffffffffffff,0xee5c571813227fe7bbeef6fdd9f3e0592aca4799,22.43
SPOT,0x3bcf95f2ab005013515b041cc2b97b02037a00e3ecd42d14fdbc8d16a984bca0,1738177651807,HYPE,Buy,12.38,0xffffffffffffffffffffffffffffffffffffffff,0xee5c571813227fe7bbeef6fdd9f3e0592aca4799,22.43
SPOT,0xa05ddf152039314853b6041cc2b97b02037900f35e396afa39992f9ec7a2a363,1738177651807,HYPE,Buy,29.63,0xffffffffffffffffffffffffffffffffffffffff,0xee5c571813227fe7bbeef6fdd9f3e0592aca4799,22.43
SPOT,0x57ff1b28967666b43286041cc2b97b02037800f2a6e23b0bbd6c3b57e7c5851c,1738177651807,HYPE,Buy,8.48,0xffffffffffffffffffffffffffffffffffffffff,0xee5c571813227fe7bbeef6fdd9f3e0592aca4799,22.43
SPOT,0x2d66bf45e723e1eb39dc041cc2b97702011c004fe75548ff9577041ccf59903f,1738177651396,HYPE,Buy,0.54,0xffffffffffffffffffffffffffffffffffffffff,0xee5c571813227fe7bbeef6fdd9f3e0592aca4799,22.43
SPOT,0x722deb6691c85e59bebf041cc2b97702011b00e1a59824398b2a8affafdc9627,1738177651396,HYPE,Buy,26.97,0xffffffffffffffffffffffffffffffffffffffff,0xee5c571813227fe7bbeef6fdd9f3e0592aca4799,22.43
SPOT,0x402c8ed9685c0731e58e041cc2b97702011a00a66b22ab9b1c7daaff695bffde,1738177651396,HYPE,Buy,1.5,0xffffffffffffffffffffffffffffffffffffffff,0xee5c571813227fe7bbeef6fdd9f3e0592aca4799,22.43
SPOT,0xac73909edd531d31704a041cc2b9760203c2007b98da75152c1e300d1b97f999,1738177651306,HYPE,Buy,24.61,0xffffffffffffffffffffffffffffffffffffffff,0xee5c571813227fe7bbeef6fdd9f3e0592aca4799,22.43
SPOT,0xb4b8c9e3475d5a55b573041cc2b9710202220033ec6ea005e5bf87ba6ef810d9,1738177650906,HYPE,Buy,2468.83,0xffffffffffffffffffffffffffffffffffffffff,0xee5c571813227fe7bbeef6fdd9f3e0592aca4799,22.413995706468246
TRANSFER,0xa47f3f33631ca93019c2041cc2b87b02037c00d624aa31a5711bee3397b53672,1738177632298,USDC,InternalTransfer,521889.03,PERP,SPOT,1
DEPOSIT,0x8f1ad663993ca53ab734c272e03bc0cdb9731003db7045b298ac787411781e2d,1738177613153,USDC,Deposit,521889.03,Arbitrum,0xee5c571813227fe7bbeef6fdd9f3e0592aca4799,1
FAILED,0x0f43150ddfb82f2629da041cc2b798018e002e7721cbb2b007aea44a94a601c4,1738177613153,-,VoteEthDepositAction,,0xee5c571813227fe7bbeef6fdd9f3e0592aca4799,Deposit has already been credited.,
SPOT,0x278c80cd3812c1803fab041cc2850901ee008adf10d6d7145c6c87854fcf2691,1738176560689,HYPE,Buy,4985.68,0xffffffffffffffffffffffffffffffffffffffff,0xee5c571813227fe7bbeef6fdd9f3e0592aca4799,23.071
SPOT,0x742042165e9521ccd428041cc283ff02013f00f356c675ac84473e7461bd099d,1738176539458,HYPE,order,4988.06,0xee5c571813227fe7bbeef6fdd9f3e0592aca4799,limit,23.06
SPOT,0x025c9de009a51014a357041cc2831d019b0065064270179cd00e7f3f0a0ff63a,1738176520942,HYPE,Buy,568.66,0xffffffffffffffffffffffffffffffffffffffff,0xee5c571813227fe7bbeef6fdd9f3e0592aca4799,23.07
SPOT,0x4e07be339302874d1cd6041cc2831d019a00197810bf1bdd09820cc6598047bc,1738176520942,HYPE,Buy,1503.61,0xffffffffffffffffffffffffffffffffffffffff,0xee5c571813227fe7bbeef6fdd9f3e0592aca4799,23.07
SPOT,0x6ef84d42721e18f14a4d041cc2831d019900872b515268c3390a9b1852b6fa07,1738176520942,HYPE,Buy,79.75,0xffffffffffffffffffffffffffffffffffffffff,0xee5c571813227fe7bbeef6fdd9f3e0592aca4799,23.07
SPOT,0x7d9a55dcfd53a0d417ce041cc2831d01980086f87775ce3fbd567f334a54c3cb,1738176520942,HYPE,Buy,72.96,0xffffffffffffffffffffffffffffffffffffffff,0xee5c571813227fe7bbeef6fdd9f3e0592aca4799,23.07
SPOT,0x8b1f08103726409d16b8041cc28319019a00974d555778f296f2bf38be5d5313,1738176520471,HYPE,Buy,929.7,0xffffffffffffffffffffffffffffffffffffffff,0xee5c571813227fe7bbeef6fdd9f3e0592aca4799,23.06805426481661
SPOT,0x5d39e284dd60a02b09f6041cc28217013800852b95e0f16578abe773070d8db1,1738176501815,HYPE,Buy,8.6,0xffffffffffffffffffffffffffffffffffffffff,0xee5c571813227fe7bbeef6fdd9f3e0592aca4799,23.04
SPOT,0xa8b9267e221f4bb2f2a0041cc281140201ad00f94d7ce458925f13ee0e061900,1738176483637,HYPE,Buy,332.88,0xffffffffffffffffffffffffffffffffffffffff,0xee5c571813227fe7bbeef6fdd9f3e0592aca4799,23.04
SPOT,0xadae248e500e3c6c65b2041cc2811201e60019dabecc23a33e1e8844cbd19d8c,1738176483494,HYPE,Buy,43.4,0xffffffffffffffffffffffffffffffffffffffff,0xee5c571813227fe7bbeef6fdd9f3e0592aca4799,23.04
SPOT,0xe5025c5e8141f11b6a29041cc2810b02010200664c0fb28e777d9ce7b46b5e2e,1738176483032,HYPE,Buy,500,0xffffffffffffffffffffffffffffffffffffffff,0xee5c571813227fe7bbeef6fdd9f3e0592aca4799,23.04
SPOT,0x7cee2f07527d818e86ed041cc281050203ca008247d6babaeaa6cd042b062447,1738176482632,HYPE,Buy,43.4,0xffffffffffffffffffffffffffffffffffffffff,0xee5c571813227fe7bbeef6fdd9f3e0592aca4799,23.04
SPOT,0xdeb6837219dfce3d6482041cc280fc0203a7003010086654635a1fd8135b90e1,1738176482077,HYPE,Buy,604.34,0xffffffffffffffffffffffffffffffffffffffff,0xee5c571813227fe7bbeef6fdd9f3e0592aca4799,23.04
SPOT,0x8b284569a80e9d4113e9041cc280d5014100cc75fe428628accbfbac09e6ef9c,1738176478894,HYPE,Buy,499.75,0xffffffffffffffffffffffffffffffffffffffff,0xee5c571813227fe7bbeef6fdd9f3e0592aca4799,23.04
SPOT,0x6c246955c916464383c1041cc280b902013900f90357ac7cf67d911f38902417,1738176476327,HYPE,Buy,43.4,0xffffffffffffffffffffffffffffffffffffffff,0xee5c571813227fe7bbeef6fdd9f3e0592aca4799,23.04
SPOT,0x026e313eb36b09b48790041cc280b4020129001b54253aaa77a4a2d0c2e049e3,1738176476002,HYPE,Buy,33.92,0xffffffffffffffffffffffffffffffffffffffff,0xee5c571813227fe7bbeef6fdd9f3e0592aca4799,23.04
SPOT,0x5e8a5bfecdddfacf9f9a041cc280ae02015e00275c9ddf7d86872a807910d5d9,1738176475399,HYPE,Buy,28.6,0xffffffffffffffffffffffffffffffffffffffff,0xee5c571813227fe7bbeef6fdd9f3e0592aca4799,23.04
SPOT,0xebf445c291335ea31de6041cc280ae02015d0079cbe00f6eba94515143f7b6fb,1738176475399,HYPE,Buy,12.3,0xffffffffffffffffffffffffffffffffffffffff,0xee5c571813227fe7bbeef6fdd9f3e0592aca4799,23.04
